4700 5762
1093 499 1312 567 ,14-

405 709 463 774 pro
487 690 706 758 coniunctivo:
732 693 759 776 Ι,
785 693 814 776 2,
841 695 860 758 2
884 692 966 758 illud
988 693 1083 759 votus
1108 695 1160 757 cst
1183 691 1315 758 Catonis
1339 710 1452 773 agrum
1473 689 1614 772 pessimo
1636 690 1776 772 multari,
1802 689 2005 756 cuiusdomi·

404 824 475 888 uus,
511 805 587 887 quid
604 805 637 870 in
654 824 692 872 eo
709 805 892 873 laciendum
916 806 969 888 sit,
994 824 1058 870 uon
1082 807 1207 888 docet,
1243 807 1303 872 sed
1331 805 1442 871 audit
1471 806 1626 870 villicum.
1652 805 1712 888 IX,
1737 803 1767 888 2,
1793 804 1812 870 3
1836 825 1897 871 nec
1921 823 2000 871 sane

404 917 526 986 rustico
550 918 682 1002 dignum
706 924 758 985 est
780 919 956 1002 sciscitari,
986 919 1127 985 fueritne
1157 920 1281 1002 mulier,
1309 957 1348 966 -
1374 937 1470 1001 quiam
1494 920 1647 1002 Juppitor
1669 919 1702 984 in
1739 939 1833 1000 apem
1868 937 2001 985 couver-

405 1033 454 1118 tit,
479 1052 522 1100 an
545 1033 756 1100 crabronibus
782 1038 815 1100 et
837 1035 908 1100 sole
931 1035 1060 1116 genitas
1084 1053 1172 1116 apae,
1198 1052 1277 1114 quas
1293 1033 1454 1116 nymphae
1470 1032 1696 1116 Phryxonides
1721 1035 2004 1114 educaverunt,

404 1149 500 1216 Jovis
525 1148 692 1214 exstitisse
715 1149 868 1216 nutrices.
904 1148 965 1230 IX,
993 1149 1042 1230 13,
1067 1147 1087 1212 9
1112 1147 1211 1213 etiam
1234 1151 1327 1229 putat
1350 1165 1461 1212 earum
1485 1146 1601 1229 apium,
1636 1165 1718 1226 quae
1742 1165 1784 1212 ex
1807 1145 1872 1212 ulio
1900 1145 2003 1211 domi·

405 1261 480 1328 cilio
504 1261 840 1346 transferuntur,
864 1280 960 1344 reges
984 1260 1170 1327 submoveri
1194 1261 1325 1326 debere.

489 1461 497 1476 .
565 1411 705 1475 Perraro
728 1411 832 1476 verba
854 1411 1014 1490 quaedam
1038 1408 1159 1473 omissa
1181 1407 1342 1490 particula
1368 1407 1441 1490 ,ut“
1468 1425 1539 1472 oum
1568 1410 1653 1472 nudo
1685 1407 1892 1473 coniunctium
1930 1427 2005 1472 cou-

404 1526 591 1588 nectuutur:
616 1525 660 1605 ΙΙ,
686 1520 738 1607 10,
762 1521 804 1587 28
829 1524 963 1588 deseces
985 1522 1073 1588 licet.
1098 1521 1154 1603 Vl,
1179 1519 1209 1602 2,
1234 1519 1254 1586 4
1278 1525 1391 1602 patere
1408 1521 1609 1586 desaeviant.
1634 1521 1730 1604 Xlll,
1757 1523 1786 1604 7,
1804 1519 1825 1585 2
1843 1521 1894 1587 lac
1910 1521 2003 1586 abra-

408 1637 477 1703 das.
525 1636 617 1716 Vlll,
642 1632 673 1720 2,
698 1633 717 1701 6
743 1635 929 1702 consideret
952 1637 1080 1718 oportet
1102 1633 1269 1718 (saepius).

1115 1922 1222 2010 caput
1244 1922 1298 1994 Vl.

842 2151 915 2266 Do
954 2152 1160 2299 syntaxi
1192 2155 1556 2300 congruentiae.

1163 2502 1180 2583 ᾖ
1204 2499 1256 2567 22.

570 2680 844 2763 Congrueutia
868 2680 1031 2746 numeri.
1078 2681 1250 2762 Complura
1273 2681 1420 2746 subiecta
1444 2685 1528 2763 apud
1553 2683 1775 2764 Columellam,
1803 2671 1896 2747 ¹sicut
1919 2682 2004 2764 apud

410 2795 548 2879 optimos
572 2795 747 2877 scriptores
772 2793 947 2876 singularis
972 2813 1124 2860 numerus
1148 2794 1328 2876 praedicati
1351 2795 1510 2875 sequitur:
1546 2796 1589 2879 ΙΙ,
1614 2795 1690 2878 4,9
1726 2796 1754 2862 si
1790 2800 1885 2877 tepor
1920 2795 2004 2860 caeli

409 2909 604 2990 siccitasque
627 2909 770 2992 regionis
795 2908 954 2974 suadebit.
990 2907 1034 2990 ΙΙ,
1061 2906 1112 2990 10,
1139 2905 1178 2972 17
1203 2912 1379 2990 proventus
1409 2915 1442 2974 ct
1470 2910 1608 2992 pretium
1643 2911 1790 2993 proritat.
1829 2910 1905 2992 Vll,
1930 2907 1961 2992 7,
1989 2913 2003 2975 1

412 3043 528 3090 coruus
553 3027 587 3090 ot
609 3024 761 3105 caprinus
786 3024 820 3087 et
842 3039 950 3104 ornus,
976 3039 1203 3102 nonuunquam
1228 3027 1262 3088 et
1284 3022 1369 3088 salix
1393 3024 1582 3105 disponitur.
1607 3025 1664 3108 Vl,
1684 3023 1734 3107 14,
1762 3024 1778 3089 l
1804 3024 1881 3089 iude
1904 3024 2005 3090 tussis

411 3141 445 3203 et
467 3137 588 3204 macies
613 3139 712 3204 etad
735 3135 882 3202 ultimum
906 3134 1050 3217 phthisis
1074 3134 1195 3200 evadit.

571 3285 691 3349 Contra
713 3283 891 3366 pluralis
916 3301 1110 3349 uumerus
1134 3302 1361 3364 nonuunquam
1385 3285 1529 3368 ponitur,
1554 3285 1610 3351 ubi
1634 3289 1696 3350 duo
1721 3287 1928 3351 substantiva
1950 3304 2010 3367 per

409 3397 587 3482 particulas
614 3398 720 3482 ,aut“,
748 3398 841 3480 ,vol“
868 3398 1032 3462 disiuncta
1066 3401 1157 3463 sunt:
1194 3398 1286 3481 Vlll,
1313 3397 1387 3480 3,ss
1424 3419 1464 3464 no
1500 3399 1582 3465 seles
1619 3403 1762 3466 habeant
1792 3407 1848 3466 aiut
1876 3402 2008 3467 coluber

411 3532 588 3579 accessum.
625 3513 664 3594 V,
689 3510 720 3595 8,
743 3509 762 3576 7
788 3511 843 3577 ubi
867 3512 1000 3576 arbutus
1029 3515 1085 3576 aut
1115 3510 1182 3576 ilex
1209 3516 1379 3578 steterunt.
1422 3514 1518 3596 Xlll,
1546 3513 1595 3596 16,
1621 3513 1641 3579 2
1665 3521 1710 3597 ut,
1737 3517 1766 3580 si
1790 3515 1895 3581 ulmus
1920 3515 2008 3581 dele-

411 3628 502 3712 cerit,
527 3627 640 3710 opulus
664 3627 719 3692 vol
743 3625 889 3690 fraxinus
915 3625 1020 3689 locum
1044 3623 1223 3689 obtineant.

571 3773 836 3840 Constructio
870 3772 949 3854 illa,
990 3791 1053 3852 qua
1088 3771 1209 3836 nomini
1241 3773 1468 3840 collectiva
1493 3777 1679 3858 pluralis
1704 3796 1892 3842 numerus
1917 3777 2009 3842 verbi

411 3888 578 3972 subicitur,
604 3890 689 3970 apud
714 3886 926 3953 Columellam
951 3886 1056 3951 satis
1081 3904 1173 3950 raro
1202 3885 1376 3952 iuvenitur.
1428 3889 1480 3972 Vl,
1509 3889 1557 3973 17,
1583 3894 1601 3955 l
1627 3891 1705 3955 lacit
1729 3895 1762 3955 et
1784 3891 1889 3974 radix,
1914 3911 2009 3971 quam

411 4003 530 4070 Graeci
554 4001 682 4081 σίλφιον
705 4004 832 4084 vocant,
869 4001 985 4083 vulgus
1010 4003 1117 4064 autem
1140 4002 1253 4064 nostra
1276 4003 1508 4068 cousuetudine
1526 4003 1727 4085 laserpitium
1745 4005 1919 4086 appellant.
1950 4004 2010 4085 IX,

414 4119 508 4201 lat·
544 4136 636 4182 suum
671 4134 816 4197 quaeque
840 4115 934 4197 plebs
958 4133 1081 4179 morem
1105 4118 1248 4179 servant.
1296 4115 1357 4198 Ill,
1382 4114 1412 4198 2,
1438 4115 1480 4181 23
1517 4123 1653 4199 utraque
1684 4119 1762 4184 vitis
1796 4157 1836 4165 -
1862 4119 2010 4184 all'eruut.

410 4232 489 4315 Xll,
525 4233 555 4308 2,
588 4233 607 4296 5
643 4247 715 4294 cum
748 4231 892 4294 armatus
928 4227 1094 4310 inermem,
1131 4245 1229 4306 equos
1264 4228 1417 4313 peditem,
1453 4232 1633 4312 plaustrum
1676 4233 1839 4314 equitem,
1877 4231 1905 4298 si
1944 4232 2011 4298 sint

411 4342 573 4428 permixti,
612 4343 819 4407 contundunt.
843 4342 919 4424 Vll,
945 4339 975 4424 2,
1000 4337 1019 4406 7
1045 4341 1155 4406 Codex
1179 4338 1470 4422 Sangermanensis
1496 4345 1647 4411 exhibet:
1684 4344 1881 4427 ,arundinis
1915 4365 2010 4426 quam

410 4458 528 4541 vulgus
553 4475 667 4522 cauam
691 4454 839 4522 vocant.“
854 4455 877 4536 ¹)

564 4753 581 4818 ¹)
603 4753 658 4804 Cir.
678 4753 706 4802 L.
727 4751 857 4818 lliiboast,
878 4751 924 4802 Dio
944 4749 1138 4816 lleuptpunkto
1157 4747 1206 4796 dar
1225 4741 1417 4794 Livianiscbeu
1436 4739 1540 4804 syntax
1562 4743 1632 4789 latu.
1654 4753 1697 4804 pg.
1719 4742 1759 4790 ot.
