4526 5726
1040 485 1251 555 „50-

342 679 613 763 altitudinemque
637 680 788 748 defossus
812 679 1022 761 tripedaneus
1047 679 1175 744 abunde
1199 681 1260 762 est,
1283 675 1459 744 latitudine
1482 679 1591 742 tamen
1615 675 1807 759 bipedanea
1841 677 1882 758 V,
1907 676 1939 760 8,

342 795 461 862 46166
484 796 587 861 maior
610 798 652 861 ad
676 814 796 879 escam,
837 793 942 859 minor
970 793 1042 858 oleo
1072 797 1124 858 661
1147 792 1260 874 aptior.
1308 792 1367 874 (At
1389 791 1501 857 confer
1525 791 1663 858 ibidem:
1710 791 1826 874 Regia,
1859 809 1942 872 quae

343 910 451 993 potius
476 927 572 978 escae
596 929 691 992 quam
716 910 787 974 oleo
812 911 864 974 est
886 906 1027 987 idonea).
1066 906 1124 990 VI,
1150 907 1180 990 2,
1205 904 1224 971 6
1249 905 1357 972 ventri
1382 911 1416 971 et
1438 906 1498 971 sub
1523 905 1677 970 feminam
1715 925 1844 972 manum
1869 906 1942 971 sub-

344 1024 444 1090 icere.
475 1023 551 1114 VII,
579 1029 628 1110 12,
653 1023 673 1090 2
696 1041 796 1090 unum
818 1040 922 1105 genos
947 1022 1105 1087 adversus
1130 1020 1292 1086 bominum
1318 1020 1456 1086 insidias
1481 1019 1623 1102 eligitur,
1649 1024 1683 1084 at
1707 1020 1847 1085 alterum
1870 1041 1942 1102 pro-

343 1137 507 1220 pellendis
531 1137 658 1210 iniuriis
683 1135 846 1206 bominum
871 1153 909 1199 ac
931 1134 1082 1200 ferarum.
1129 1134 1224 1216 VIII,
1251 1133 1302 1216 11,
1327 1133 1347 1200 3
1372 1133 1462 1199 cuius
1487 1133 1592 1198 tribus
1615 1133 1775 1200 lateribus
1800 1135 1944 1216 porticus

344 1251 550 1334 applicantur
574 1253 607 1314 et
630 1249 663 1314 in
688 1253 802 1330 quarto
827 1250 910 1313 duae
935 1249 1047 1313 661166.

504 1363 538 1449 4)
569 1362 930 1444 Praepositiones:
968 1362 1030 1444 ΙΙΙ,
1058 1363 1108 1446 ro,
1135 1359 1175 1426 18
1200 1365 1284 1442 quod
1308 1381 1372 1427 non
1394 1365 1521 1426 tautum
1545 1361 1625 1442 (161)
1656 1363 1835 1428 seminibus
1859 1363 1949 1446 legu-

344 1480 476 1563 minum,
501 1479 561 1544 sed
584 1476 619 1542 in
641 1481 712 1542 tota
735 1476 980 1561 agricolationis
1004 1476 1131 1541 ratione
1156 1477 1277 1542 dictum
1302 1495 1376 1542 esse
1400 1475 1657 1558 intellegendum
1682 1482 1742 1542 est.
1781 1478 1823 1560 V,
1849 1480 1880 1560 6,
1908 1475 1948 1544 10

344 1592 427 1658 rami
450 1593 492 1657 ad
516 1591 674 1657 orientem
700 1595 734 1657 et
756 1592 789 1658 in
814 1591 1015 1656 occidentem
1040 1589 1231 1672 dirigantur.
1275 1591 1314 1673 V,
1338 1589 1368 1670 8,
1392 1588 1412 1655 4
1437 1589 1544 1656 orcbis
1568 1594 1602 1656 et
1625 1591 1736 1658 radius
1761 1593 1878 1658 melius
1904 1595 1944 1657 ad

344 1725 453 1772 escam
476 1725 572 1787 quam
595 1705 629 1770 in
652 1705 811 1786 liquorem
836 1705 1016 1788 stringitur.
1052 1703 1242 1788 ΧΙΙ,1’)4,2
1267 1704 1388 1770 olivam
1412 1704 1446 1770 in
1469 1705 1601 1786 regulas
1625 1706 1679 1770 161
1704 1706 1737 1770 16
1761 1725 1845 1772 novo
1869 1707 1948 1772 fisco

346 1821 475 1886 adicito.

505 1935 539 2016 5)
569 1933 842 2016 Praepositio
870 1932 994 2016 ,cum“
1020 1937 1140 2013 atque
1172 1932 1374 2016 particula
1400 1932 1493 2014 ,et“:
1531 1931 1547 1997 1
1574 1933 1950 2015 6161112611611611111

345 2068 425 2130 opus
448 2067 514 2114 non
537 2048 641 2113 solum
666 2048 846 2130 scientiam,
871 2049 930 2112 sed
947 2047 1045 2113 etium
1062 2045 1199 2113 vlridem
1218 2051 1360 2112 aetatem
1378 2065 1448 2112 cum
1472 2048 1589 2112 robore
1606 2048 1751 2129 corporis
1776 2049 1950 2114 desideret.

347 2162 363 2228 1
389 2162 490 2245 praet.
514 2160 557 2227 30
581 2162 717 2227 Brutum
741 2167 798 2227 ant
821 2161 966 2227 Caelium
989 2149 1234 2242 Pollionemque
1259 2179 1330 2226 cum
1347 2161 1492 2226 Messala
1515 2167 1549 2224 61
1573 2161 1683 2226 Calvo.
1709 2161 1735 2242 I,
1765 2161 1791 2242 i,
1817 2159 1946 2227 8Ρ611-

345 2274 479 2358 patetici
502 2275 660 2359 magister
682 2294 721 2340 ac
744 2274 922 2356 discipulus
946 2274 1145 2340 Aristoteles
1170 2294 1242 2338 com
1265 2274 1501 2354 Theophrasto.

506 2385 538 2475 6)
569 2387 834 2454 Adiectivum
858 2387 1027 2468 aliquod
1051 2391 1091 2452 et
1115 2386 1335 2469 genetivus
1360 2388 1423 2452 vel
1448 2407 1519 2453 vox
1543 2383 1858 2470 praepositione
1884 2411 1950 2456 ex·

345 2520 498 2584 pressa:
522 2500 580 2585 VI,
597 2499 627 2585 3,
653 2499 691 2566 11
719 2501 835 2566 hiemis
858 2499 1033 2584 frigoribus
1057 2507 1114 2566 aut
1136 2501 1272 2567 aestivis
1297 2501 1429 2567 solibus.
1466 2501 1540 2584 VII,
1564 2505 1595 2584 3,
1620 2500 1659 2567 21
1687 2503 1803 2569 ulmeis
1828 2506 1882 2570 161
1908 2525 1949 2570 ex

345 2615 474 2682 tiarino
497 2614 674 2680 frondibus

508 2725 540 2815 7)
571 2730 792 2810 Tempora:
817 2728 844 2812 Ι,
868 2731 899 2812 5,
925 2729 1050 2793 211666
1089 2727 1145 2812 (sc.
1169 2729 1268 2814 unda)
1294 2729 1322 2794 si
1346 2729 1477 2795 deficiet
1499 2736 1533 2794 61
1556 2749 1631 2811 spes
1657 2767 1699 2776 -
1727 2733 1880 2814 coegerit.
1905 2735 1949 2816 ΙΙ,

348 2843 400 2927 18,
424 2841 442 2908 1
468 2843 606 2908 alterum
630 2861 757 2908 omnem
774 2860 904 2907 succum
928 2844 956 2909 si
979 2843 1098 2927 amisit,
1123 2845 1295 2909 stramenti
1317 2845 1421 2910 viceni
1435 2843 1570 2926 obtinet,
1594 2845 1734 2912 alterum
1758 2847 1786 2912 si
1810 2847 1943 2914 nimium

347 2959 529 3042 retinuerit,
552 2957 719 3040 putrescit.
749 2957 807 3041 IV,
831 2954 884 3040 21,
909 2959 929 3022 3
953 2956 1005 3022 616
1029 2957 1105 3023 11116
1129 2976 1265 3040 procera
1288 2957 1387 3023 luerit
1409 2959 1578 3038 locumque
1602 2958 1753 3025 idoneum
1779 2962 1947 3027 obtinebit.

349 3073 407 3156 VI,
432 3072 507 3155 ud
543 3073 628 3151 quod
666 3072 694 3137 si
729 3090 834 3152 neque
868 3070 993 3136 ventris
1028 3071 1189 3136 restiterit
1223 3071 1324 3136 citata
1358 3071 1523 3153 proluvies
1548 3108 1591 3115 —
1620 3073 1774 3154 cibosque
1809 3083 1952 3158 respuet.

350 3187 408 3270 VI,
425 3183 492 3270 8,2
516 3186 545 3251 61
568 3205 672 3266 neque
696 3205 796 3252 ranae
819 3185 943 3252 fuerim
964 3203 1068 3266 neque
1092 3186 1186 3252 alvus
1211 3185 1312 3250 611616
1335 3191 1369 3250 61
1392 3185 1601 3251 nihilominus
1618 3186 1707 3251 cibos
1732 3207 1797 3252 non
1813 3193 1955 3270 appetet.

350 3304 377 3386 Ι,
401 3299 432 3385 8,
456 3299 476 3367 7
501 3299 635 3366 semitas
658 3301 729 3366 11611
752 3319 793 3366 ne
816 3300 960 3382 patiatur
982 3317 1065 3365 neve
1089 3299 1250 3380 hospitem
1275 3336 1316 3343 —
1340 3299 1509 3380 receperit.
1534 3299 1608 3381 VII,
1635 3301 1664 3382 7,
1688 3300 1710 3364 4
1734 3319 1805 3366 com
1829 3301 1945 3368 6116166

350 3418 422 3482 loca
446 3415 605 3500 genitalia
626 3415 796 3481 tumebant
819 3419 875 3480 aut
897 3414 1061 3479 secundae
1096 3431 1160 3478 non
1182 3413 1419 3494 responderint.
1456 3413 1496 3496 V,
1524 3412 1551 3496 l,
1576 3411 1596 3477 2
1620 3415 1755 3481 utboni
1779 3417 1949 3482 venatoris

352 3534 404 3596 est
427 3566 470 3576 -
493 3547 610 3612 capere
632 3546 693 3593 nec
716 3527 865 3608 cuiquam
889 3528 1003 3609 cnlpae
1026 3526 1088 3593 suit
1112 3563 1153 3571 -
1178 3527 1314 3609 cepisse.
1351 3527 1413 3609 ΙΙΙ,
1438 3525 1468 3610 5,
1493 3525 1513 3591 2
1538 3526 1609 3594 6116
1633 3530 1816 3596 necessitas
1841 3534 1951 3613 postu·

351 3643 473 3710 laverit
497 3680 535 3687 —
561 3640 769 3708 6611116111-
795 3640 866 3708 6116
890 3659 970 3723 ager
992 3642 1212 3706 conserendus
1237 3644 1288 3706 661
1311 3678 1354 3686 -
1378 3642 1576 3708 6661666111.
1612 3640 1673 3724 IX,
1705 3641 1735 3726 8,
1768 3642 1788 3708 3
1819 3647 1955 3724 quodsi

352 3777 417 3824 non
440 3755 599 3840 contingit
621 3773 660 3820 ac
683 3773 837 3821 necessse
863 3753 1076 3820 babuerimus.
1119 3755 1197 3837 XII,
1223 3752 1275 3838 38,
1300 3754 1320 3820 3
1345 3775 1416 3820 curn
1445 3756 1563 3821 deinde
1595 3757 1645 3822 bis
1677 3763 1817 3824 mustum
1849 3760 1955 3826 defer·

353 3871 462 3938 buerit
484 3875 519 3936 61
540 3871 591 3936 bis
615 3873 762 3936 curatum
787 3873 846 3934 est.
871 3869 950 3952 XII,
975 3867 1028 3952 54,
1056 3869 1069 3932 1
1097 3869 1125 3932 61
1150 3869 1213 3934 6111
1238 3905 1277 3914 -
1304 3869 1333 3934 61
1357 3888 1417 3934 666
1446 3870 1528 3934 baec
1560 3869 1667 3936 fuerit.
1699 3871 1795 3955 XIII,
1827 3870 1902 3956 16
1927 3874 1957 3938 si

353 3984 432 4052 vitis
455 3983 625 4050 materiam
647 3982 784 4048 babebit
806 3986 840 4047 et
861 3982 1045 4048 diducenda
1068 3981 1132 4046 erit
1157 4017 1196 4026 —
1220 4000 1324 4062 neque
1348 3983 1498 4064 potuerit.
1524 3981 1563 4048 61.
1589 3983 1646 4066 VI,
1671 3985 1724 4068 30,
1749 3983 1779 4051 3.

515 4120 548 4207 8)
580 4121 705 4188 Modi:
731 4123 758 4206 I,
783 4119 814 4206 8,
844 4124 857 4186 1
883 4140 1069 4206 promoneo,
1094 4140 1135 4187 ne
1160 4123 1305 4190 villicum
1329 4141 1369 4189 ex
1394 4143 1432 4190 eo
1455 4143 1577 4208 genere
1604 4144 1784 4209 servorum,
1810 4126 1956 4206 111661-

355 4257 434 4322 pore
457 4237 494 4320 pl
506 4243 702 4303 acuerunt
711 4287 720 4320 ,
744 4237 963 4319 instituamus,
987 4256 1029 4302 ue
1054 4255 1095 4302 en
1118 4254 1156 4301 eo
1181 4237 1310 4318 quidem
1349 4238 1472 4323 ordine,
1498 4239 1551 4320 qui
1588 4245 1676 4305 artos
1703 4240 1955 4306 exercuerit.

355 4349 500 4437 ΙΙ,15,6
524 4351 593 4416 11116
617 4351 819 4417 convertitur
843 4351 1153 4433 permisceaturque.
1177 4350 1234 4434 VI,
1248 4349 1334 4435 aad
1358 4371 1422 4417 non
1446 4353 1578 4418 dubium
1602 4357 1662 4437 est,
1688 4353 1743 4418 ubi
1766 4353 1878 4434 pabuli
1901 4353 1958 4418 sit

355 4465 494 4548 laetitia,
506 4481 602 4546 posse
623 4464 771 4529 omnibus
796 4465 891 4530 annis
915 4468 1044 4544 partum
1059 4465 1209 4550 educari,
1235 4472 1270 4530 at
1295 4466 1349 4531 ubi
1374 4466 1511 4549 penuria
1535 4471 1613 4549 est,
1638 4467 1776 4534 alternis
1801 4467 1956 4534 submitti.

509 4711 527 4777 ¹)
548 4711 663 4764 Codices
682 4711 834 4762 deteriores
851 4711 983 4763 omiltunt
1004 4710 1094 4773 „de‘'.
