4700 5762
1001 591 1040 602 ..
1092 555 1130 620 15
1178 591 1218 602 ,.

1018 741 1126 832 caput
1148 741 1212 812 Vll.

944 891 1016 1004 De
1060 889 1270 1002 casibus.

872 1103 899 1174 1.
944 1101 1005 1172 De
1026 1120 1110 1171 usn
1131 1097 1345 1188 genetivi.

1070 1255 1087 1336 s
1113 1255 1164 1319 aa.

471 1404 701 1472 Gonotivus
725 1403 1005 1485 possessivus,
1041 1401 1104 1485 qui,
1140 1400 1264 1466 cumei
1289 1399 1777 1484 nomennonsitappositum,
1811 1400 1908 1466 offen-

311 1521 436 1584 sionem
470 1521 600 1601 babeat,
634 1518 816 1583 iuvenitur:
852 1517 913 1600 XI,
949 1517 979 1598 3,
1016 1513 1058 1579 53
1094 1515 1179 1596 apud
1202 1513 1386 1596 Aegyptiae
1420 1513 1528 1594 gentis
1562 1513 1678 1579 Bolum
1703 1513 1907 1580 Mendesium

311 1633 458 1714 legimns.

473 1744 697 1811 Genetivos
722 1743 991 1826 appositivas,
1017 1743 1071 1823 qui
1094 1747 1239 1825 vocatur,
1264 1745 1388 1808 exstat:
1425 1741 1519 1824 VIII,
1551 1743 1601 1825 17,
1626 1743 1648 1808 6
1671 1744 1831 1828 scopulos,
1857 1744 1912 1827 qni

311 1858 485 1942 praecipue
508 1857 619 1923 herbis
643 1859 739 1940 algae
762 1858 956 1923 vestiuntur.
993 1857 1032 1940 V,
1061 1859 1110 1940 11,
1136 1855 1178 1922 14
1201 1858 1352 1922 arborem
1374 1855 1436 1920 fici.
1472 1855 1532 1939 XI,
1557 1853 1588 1939 2,
1612 1854 1654 1922 59
1679 1858 1813 1924 arbores
1837 1859 1911 1924 fico·

312 1991 392 2039 rum.
416 1972 477 2056 XI,
501 1971 532 2055 3,
556 1969 599 2036 42
623 1974 694 2038 olus
718 1971 887 2052 atriplieis.
912 1970 1005 2054 VIII,
1031 1969 1083 2054 16,
1107 1969 1127 2032 9
1151 1970 1184 2034 iu
1207 1976 1318 2035 nostro
1344 1969 1484 2036 Gadium
1507 1969 1691 2052 municipio

472 2086 512 2151 ln
534 2086 729 2168 genetivi
753 2085 982 2165 qualitatis
1006 2104 1067 2150 usu
1088 2083 1271 2150 'Columella
1294 2102 1359 2149 non
1382 2083 1508 2148 recedit
1519 2083 1560 2148 ab
1577 2084 1722 2166 eleganti
1737 2084 1913 2177 latinitate·

313 2201 385 2267 Hoc
406 2200 548 2267 fortasse
572 2199 754 2282 exemplum
769 2201 899 2284 digunrn
915 2205 975 2282 est,
1001 2201 1086 2280 qnod
1101 2201 1316 2281 proponatur:
1342 2197 1404 2282 ΙΙΙ,
1422 2199 1487 2282 8,3
1504 2197 1661 2280 Liguriae
1684 2217 1913 2282 nonnunquam

313 2319 426 2382 taurus
451 2314 623 2380 eminentis
648 2319 794 2380 staturae
818 2315 1025 2396 conspicitur.
1558 2335 1561 2342 ·

477 2428 599 2512 ,Boni
623 2430 868 2512 consuleres,
901 2447 984 2510 quoe
1005 2427 1126 2493 locutio
1151 2430 1327 2509 argenteae
1349 2425 1526 2492 latinitatis
1548 2425 1680 2508 propria
1704 2431 1764 2511 est,
1797 2430 1912 2494 eadem

314 2542 554 2628 significatione
579 2542 707 2627 dieitur,
742 2563 805 2624 qua
828 2543 913 2625 apud
936 2547 1068 2609 veteres
1092 2541 1268 2622 scriptores
1295 2540 1462 2623 ,accipere
1485 2539 1520 2606 in
1542 2541 1661 2606 bonam
1682 2541 1844 2622 partem:“
1872 2540 1915 2608 10

316 2657 417 2739 praef.
452 2655 473 2721 5
508 2658 593 2737 quod
629 2656 900 2738 elucubravimus
926 2657 1008 2720 adeo
1032 2654 1195 2737 propriam
1230 2652 1295 2720 sibi
1315 2654 1446 2719 landem
1477 2672 1542 2719 non
1575 2654 1731 2738 vindicat,
1768 2658 1804 2720 nt
1838 2655 1917 2722 boni

318 2773 477 2855 consulat,
503 2772 532 2838 si
555 2771 687 2837 nonsit
711 2770 864 2836 dedecori
886 2769 976 2851 prius
1001 2769 1098 2835 editis
1122 2789 1142 2834 a
1165 2787 1217 2834 me
1240 2767 1432 2850 scriptomm
1456 2769 1683 2836 monumentis.

1067 2917 1084 2998 s
1107 2912 1161 2981 aa.

475 3032 700 3098 Adiectiva
723 3031 916 3098 neutrius
940 3031 1128 3113 generius
1145 3032 1230 3112 apud
1246 3027 1384 3112 optimos
1401 3029 1577 3112 scriptores
1601 3049 1675 3096 raro
1700 3048 1917 3114 cumgene·

315 3146 399 3213 tivo
424 3145 622 3229 coniungi
646 3149 783 3211 constat.
810 3147 833 3230 ¹)
858 3145 953 3225 Apud
978 3143 1180 3210 Columellan
1202 3145 1264 3209 boc
1287 3144 1450 3226 saepius
1473 3144 1694 3212 invenitur.
1719 3146 1758 3228 V,
1787 3143 1836 3230 10,
1865 3143 1915 3232 15,

317 3260 467 3343 exiguum
491 3259 617 3325 laserIs.
642 3259 680 3350 ci.
703 3259 762 3342 VI,
787 3260 816 3342 2,
843 3259 879 3344 4;
904 3258 980 3342 VII,
1004 3259 1035 3341 3,
1064 3261 1118 3344 173
1144 3256 1278 3341 Vl,1‘l,
1303 3260 1341 3343 5,
1365 3258 1440 3343 VH,
1465 3261 1496 3343 8,
1522 3261 1559 3344 2,
1584 3259 1678 3344 VIII,
1698 3261 1748 3344 11,
1774 3262 1806 3344 2;
1837 3259 1916 3344 XII,

317 3372 347 3456 8,
372 3371 407 3457 2;
432 3373 510 3456 XII,
537 3371 588 3458 16,
614 3373 649 3459 1;
685 3373 763 3458 XII,
787 3371 840 3457 49,
865 3375 894 3438 5.
933 3373 1092 3454 reliquum
1124 3373 1188 3437 olei
1211 3373 1289 3455 XII,
1314 3371 1366 3456 54,
1393 3374 1420 3438 2.
1444 3377 1578 3456 propter
1612 3373 1741 3456 insigne
1765 3373 1915 3440 candoris

317 3486 411 3566 VIII,
435 3484 466 3569 2,
492 3485 520 3552 7.
545 3506 586 3552 ox
609 3488 716 3554 vicino
740 3487 872 3553 Africae
895 3488 971 3570 VII,
996 3489 1026 3571 2,
1051 3485 1080 3554 4.
1106 3487 1140 3553 in
1163 3488 1321 3570 profundo
1345 3492 1454 3554 terrae
1476 3487 1539 3570 ΠΙ,
1566 3485 1595 3570 1,
1620 3485 1650 3553 8.
1673 3505 1732 3570 per
1755 3507 1913 3554 summum

317 3606 426 3667 terrae
449 3600 512 3684 ΙΙΙ,
538 3599 589 3683 11,
614 3599 644 3665 3.
680 3604 813 3666 excreta
848 3600 948 3667 tritici
986 3603 1076 3684 VIII,
1107 3601 1198 3685 4,1;
1234 3602 1327 3684 VIII,
1352 3603 1382 3684 8,
1408 3603 1438 3668 6.
1475 3601 1679 3667 elatiora-
1705 3601 1916 3684 depressiora

316 3715 394 3782 clivi
417 3714 462 3798 ΙΙ,
486 3712 517 3798 4,
545 3712 594 3780 10.
619 3713 741 3796 optima
763 3714 954 3794 pabulorum
978 3715 1022 3797 ΙΙ,
1048 3713 1078 3798 V,
1105 3714 1133 3781 1.
1158 3735 1285 3781 summa
1308 3715 1415 3780 trunci
1438 3716 1496 3798 IV,
1522 3713 1575 3798 24,
1602 3713 1632 3781 6.

477 3829 557 3894 Cum
579 3826 751 3894 adieetivis
774 3827 939 3892 nonnullis
963 3827 1143 3893 Columella
1165 3829 1402 3912 genetivum
1431 3829 1604 3912 connectit,
1628 3829 1684 3895 ubi
1707 3847 1826 3895 aureae
1841 3829 1916 3895 lati·

319 3942 432 4007 nitatis
464 3941 697 4023 scriptores
734 3941 858 4006 aliurn
899 3959 1030 4006 casum
1068 3943 1123 4007 vel
1156 3944 1482 4025 praepositiones
1521 3943 1687 4009 adhibent.
1733 3943 1917 4010 Callidus

317 4076 424 4121 rorum
448 4056 639 4120 rusticarum
664 4054 708 4138 Il,
735 4058 764 4140 2,
791 4055 827 4141 13
852 4073 958 4121 rernm
983 4059 1118 4121 naturae
1143 4058 1217 4141 Vll,
1242 4055 1272 4140 3,
1299 4054 1349 4122 12.
1373 4056 1464 4139 (Hor.
1488 4058 1578 4140 Tac.)
1603 4057 1918 4140 Consanguinea

319 4171 384 4248 (res
408 4169 541 4250 rustica]
566 4169 747 4251 sapientiae
772 4175 823 4235 est
849 4172 862 4234 1
889 4171 990 4252 praef.
1013 4170 1043 4236 4.
1061 4173 1085 4252 Ἰ
1109 4171 1259 4236 Edaces
1284 4171 1377 4236 inulti
1401 4171 1465 4237 cibi
1487 4173 1589 4239 boves
1613 4172 1670 4255 VI,
1695 4169 1726 4255 2,
1752 4170 1803 4238 14.
1832 4171 1918 4256 (Ov.)

321 4282 511 4348 Fecunda
534 4285 623 4367 regio
648 4285 776 4365 palmae
800 4284 860 4370 XI,
901 4287 930 4368 2,
956 4283 1015 4368 90;
1054 4285 1114 4368 IX,
1153 4284 1184 4368 4,
1225 4286 1254 4350 2.
1280 4283 1383 4369 (Certo,
1423 4287 1501 4351 Hor.
1536 4286 1620 4351 Ptin.
1655 4287 1745 4370 Tac.)
1781 4287 1918 4352 Ferox

469 4527 1069 4594 be.ffimmnlatGmm.sspgtw.

467 4611 1917 4680 bbmmmon,mm,mmmmm“gmmmmsmpmmmbmcmrfflmmfflamnmmblffi

319 4697 1917 4765 ,mwwmfflwmmwmmmmmmmmmfflffimmmmmmssfflwwwwffl-

320 4782 1037 4848 mmmnwstwwmmmmssfflmmw
