4700 5762
1164 564 1204 576 -
1251 523 1294 596 32
1341 565 1382 576 ..

1163 714 1271 804 caput
1291 715 1356 790 llll.

707 909 778 1021 De
816 912 1088 1024 enuntiatis
1126 913 1541 1027 coniunctIonibus
1580 914 1825 1028 subiectis.

1217 1125 1311 1209 §eu

906 1241 968 1314 De
996 1245 1256 1316 enuntiatis
1286 1245 1625 1332 temporalibus.

626 1354 795 1435 Perpauca
832 1353 865 1418 in
902 1355 963 1419 hoe
997 1357 1102 1437 capite
1133 1361 1414 1423 corrrmemoranda
1449 1364 1533 1425 sunt.
1561 1359 1670 1442 ,ilum
1702 1357 1968 1422 iterativum“
1995 1377 2065 1422 cum

467 1467 694 1534 indicativo
717 1467 859 1548 ponitur:
899 1468 914 1532 1
940 1470 1041 1550 prael.
1070 1473 1108 1536 18
1133 1478 1263 1538 veteres
1288 1472 1434 1555 Romani,
1466 1492 1553 1539 cum
1578 1472 1748 1538 eonsilium
1776 1471 1938 1553 publicum
1964 1471 2066 1536 desi-

468 1583 710 1665 derabatur,
744 1599 761 1646 e
784 1580 874 1646 villis
898 1585 1149 1650 arcessebantur
1181 1585 1214 1650 in
1238 1591 1396 1651 senatum.
1444 1587 1522 1670 Xll,
1548 1585 1599 1658 44,
1625 1585 1645 1651 b
1676 1605 1864 1668 quaecum,
1889 1604 2062 1666 praepara-

467 1700 562 1764 verat
586 1734 625 1742 —
649 1695 881 1778 praecipiebat.

630 1809 741 1893 ,Cum
772 1811 1013 1890 temporale
1054 1831 1125 1878 cum
1163 1813 1396 1881 indicativo
1432 1813 1606 1896 perfecti
1641 1813 1797 1878 occurrit:
1836 1813 1932 1895 Xlll,
1962 1811 2015 1895 26,
2046 1815 2067 1878 9

468 1929 615 2006 quartum
639 1923 803 1988 insitionis
827 1942 929 2006 genus
953 1925 1016 1990 iam
1041 1928 1217 2012 docuimus,
1243 1947 1313 1995 cum
1339 1932 1379 1994 de
1403 1929 1525 1995 vitibus
1550 1927 1796 2009 disputavimus.

630 2037 743 2122 ,Cum
771 2036 928 2102 senior
970 2058 1027 2120 pru
1054 2041 1350 2124 „simulatque“
1389 2043 1519 2110 videtur
1554 2045 1743 2123 usurpatum
1775 2061 1863 2106 esse:
1904 2041 1964 2124 IX,
1989 2039 2065 2124 9,3

468 2156 626 2234 quaedam
648 2153 754 2235 (apes)
778 2153 894 2234 solent,
920 2171 991 2217 cnm
1014 2155 1120 2220 subito
1145 2163 1331 2241 evaserunt,
1356 2158 1427 2222 sine
1452 2156 1658 2222 cunctatione
1690 2173 1725 2220 sc
1749 2155 1925 2236 proripere.

627 2266 844 2333 Insolentiere
872 2266 998 2332 ratione
1030 2269 1110 2350 ,ut“
1151 2270 1237 2336 idem
1273 2271 1459 2354 significans
1495 2272 1579 2352 quod
1618 2270 1715 2352 ,ubi
1750 2269 1955 2351 primum“,
1994 2287 2065 2334 curn

467 2381 732 2449 coniunctive
755 2379 941 2462 perfecti
963 2381 1102 2462 positum
1127 2389 1190 2450 est:
1217 2385 1309 2468 VIII,
1334 2388 1364 2469 5,
1393 2388 1431 2450 lb
1456 2385 1561 2467 pullos
1585 2388 1692 2448 autem
1717 2403 1782 2448 non
1806 2387 1934 2464 oportet
1957 2383 2065 2465 singu·

466 2499 527 2581 loe,
551 2495 745 2577 utquisque
769 2499 865 2560 natus
890 2494 943 2578 sit,
967 2495 1094 2579 tollere,
1120 2499 1264 2564 seduno
1290 2500 1342 2564 die
1367 2499 1400 2565 111
1424 2498 1521 2563 cubili
1547 2498 1665 2562 sinere.

625 2611 678 2676 Ad
693 2609 793 2676 latius
810 2608 939 2673 dicendi
955 2627 1057 2691 genus
1072 2613 1236 2692 pertinere
1252 2612 1405 2680 videntur
1427 2613 1600 2677 formulae:
1625 2629 1752 2692 usque
1776 2629 1831 2694 eo,
1853 2612 1936 2675 dum
1954 2610 1996 2692 V,
2016 2612 2064 2674 11,

467 2729 502 2813 63
526 2726 604 2810 XII,
642 2725 694 2807 20,
728 2723 758 2788 4.
789 2722 951 2798 tamdiu,
976 2724 1061 2788 dum
1087 2725 1161 2808 VII,
1187 2723 1217 2807 6,
1242 2723 1279 2810 8;
1314 2727 1374 2809 Xl,
1399 2727 1430 2810 3,
1459 2724 1512 2791 51.
1543 2743 1668 2805 usque
1693 2743 1748 2805 eo,
1773 2726 1905 2804 quoad
1930 2724 1987 2806 Vl,
2012 2723 2064 2814 31,

467 2843 503 2925 23
528 2857 720 2921 quamquam
745 2836 903 2902 eiusmodi
926 2837 1106 2904 locutiones
1130 2859 1171 2906 ne
1196 2843 1281 2923 apud
1305 2841 1494 2906 Ciceronem
1518 2838 1647 2919 quidem
1671 2839 1797 2904 desunt.
1816 2838 1839 2919 ¹)

1220 2997 1237 3079 a
1261 2993 1314 3063 so.

906 3129 968 3200 De
1003 3129 1258 3201 enuntiatis
1285 3130 1624 3217 comparativis,

626 3259 686 3324 Ad
703 3262 995 3340 comparandas
1020 3278 1084 3325 res
1105 3262 1302 3341 aequales
1320 3261 1500 3327 Columella
1512 3260 1676 3326 nonnullis
1693 3258 1912 3341 particulis
1936 3259 2064 3324 minus

467 3372 636 3439 usitatis
661 3373 775 3438 ut'tur:
803 3374 1115 3456 ,aeque-quam“
1133 3394 1191 3456 pro
1211 3377 1440 3457 ,aeque-ae“
1468 3375 1562 3457 VIII,
1588 3372 1639 3456 12,
1663 3371 1683 3438 2
1707 3373 1813 3437 locuni
1837 3391 1939 3452 aequo
1964 3372 2066 3437 mnni-

467 3493 536 3553 tum
561 3489 596 3552 et
618 3485 762 3568 apricum
786 3505 881 3566 qnam
905 3487 1044 3552 columbi
1068 3488 1267 3554 desiderant.
1296 3490 1389 3572 VIII,
1417 3487 1537 3572 17,13.
1572 3488 1610 3571 V,
1636 3489 1666 3569 5,
1692 3489 1711 3550 7
1735 3487 1808 3568 (sed
1832 3487 1892 3551 boc
1916 3485 1987 3550 loce
2012 3504 2063 3550 ce-

468 3601 557 3666 dices
581 3618 646 3667 non
670 3595 873 3685 congruunt).
902 3601 1148 3684 ,Aeque-ad
1175 3603 1296 3686 legitur
1319 3604 1379 3686 IX,
1396 3603 1426 3686 ὀ,
1445 3604 1480 3667 1;
1505 3621 1607 3682 eaeque
1632 3601 1718 3666 enim
1742 3600 1938 3682 dedignatur
1954 3599 2062 3683 (apis),

467 3715 496 3782 si
520 3715 625 3781 miuus
649 3733 731 3797 pura
754 3712 868 3779 habita
892 3718 952 3798 est,
977 3734 1015 3780 ac
1039 3715 1069 3780 si
1091 3719 1251 3782 tractetur
1274 3716 1506 3782 fraudulenter.
1531 3753 1572 3761 —
1601 3714 1851 3798 ,velue-iar
1877 3713 1939 3796 Ill,
1967 3711 2019 3796 18,
2045 3717 2065 3778 b

466 3831 558 3896 velut
580 3848 639 3912 per
661 3828 813 3910 fistulam,
838 3827 885 3893 ita
907 3847 966 3910 per
989 3833 1136 3910 apertam
1159 3829 1237 3896 vitIs
1262 3832 1437 3896 medullam
1460 3832 1575 3896 humor
1598 3829 1747 3894 trahitur.
1791 3828 1947 3910 ,Sicnt“
1974 3827 2065 3892 sine

467 3943 679 4027 particula
701 3943 976 4025 respondenti
1011 3939 1119 4030 (,ita“
1148 3945 1263 4027 ,sic“)
1297 3945 1427 4026 ponitur
1450 3945 1525 4028 Vll,
1551 3947 1581 4025 1,
1605 3943 1627 4007 4
1659 3943 1744 4007 sicut
1766 3943 1799 4006 in
1822 3941 1922 4008 ovillo
1946 3959 2063 4023 pecore

467 4059 670 4142 praedictum
694 4062 755 4140 est,
780 4055 911 4138 caprino
936 4058 1146 4124 medebimur.

626 4171 799 4237 Nonnullis
823 4171 904 4236 loeis
936 4171 1155 4238 enuntiata
1190 4172 1465 4254 comparativa
1500 4170 1646 4236 mutila
1680 4170 1833 4236 videntur
1870 4190 1953 4251 esser,
1991 4188 2063 4232 cum

466 4305 644 4370 pronomen
667 4284 958 4352 demonstrativum
983 4285 1017 4350 in
1041 4287 1207 4351 enuntiato
1231 4287 1385 4368 primario
1410 4285 1588 4367 omittatur,
1613 4285 1667 4364 qni
1684 4303 1761 4349 usus
1778 4282 2056 4364 primumaLivio

467 4400 630 4466 admissus
654 4404 715 4466 est.
731 4395 756 4482 2)
779 4400 838 4484 IV,
864 4396 915 4484 16,
940 4401 961 4465 3
986 4404 1104 4480 quante
1128 4401 1260 4482 propius
1296 4405 1446 4467 truncum
1482 4398 1586 4463 ridica
1624 4399 1789 4479 statuitur,
1826 4397 1977 4462 stabilior
2000 4402 2060 4462 cst.

618 4587 636 4652 ¹}
657 4589 711 4640 Clr.
732 4589 762 4640 ll.
784 4589 931 4640 Hellmullr:
952 4590 991 4639 De
1008 4591 1144 4639 sermonis
1166 4588 1400 4654 preprIetalibus,
1432 4601 1501 4652 (puae
1528 4588 1552 4635 in
1573 4585 1711 4650 prioribus
1730 4586 1871 4634 Ciceronis
1890 4582 2063 4633 orationibus

470 4675 646 4726 inveniuntur
665 4674 692 4722 in
711 4675 771 4723 llct.
793 4685 861 4723 seen.
901 4673 1006 4736 Erlang.
1027 4673 1035 4721 l
1055 4685 1098 4737 pp.
1119 4677 1175 4728 161,

617 4757 636 4822 2)
658 4759 776 4820 Draegcr
794 4758 825 4807 ll.
846 4759 872 4806 S.
901 4758 923 4806 ll
943 4772 985 4819 pg.
1007 4761 1065 4808 655.
