4700 5762
907 1455 1001 1606 De
1050 1458 1444 1608 elocutione

613 1809 895 1988 llari
965 1811 1272 1988 Moderati
1341 1802 1731 1988 lolnnollac

1093 2149 1240 2232 'scripsit

941 2368 1119 2439 Professor
1142 2369 1194 2438 ltr.
1217 2367 1413 2440 llottmann.

1007 2921 1350 3052 Praelatio.

536 3330 570 3395 Si
594 3348 677 3410 quae
701 3329 810 3394 studia
833 3329 992 3411 philologi
1015 3331 1057 3394 ad
1075 3331 1344 3411 perscrutandam
1369 3329 1569 3412 singulorum
1594 3329 1788 3410 scriptorum
1812 3327 1973 3394 Romano-

372 3462 443 3510 rum
468 3442 685 3508 elocutionem
708 3441 907 3507 contulerint
936 3441 1244 3526 circumspicimus
1281 3442 1455 3508 manilesto
1490 3443 1772 3524 deprehendemus
1795 3441 1852 3506 vix
1875 3439 1976 3506 ullius

373 3557 541 3638 scriptoris
577 3562 785 3621 monomenta
819 3556 925 3622 minus
961 3575 1035 3620 esse
1072 3561 1215 3620 tractata
1250 3575 1346 3636 quarn
1383 3555 1602 3636 columellae,
1639 3558 1724 3636 qnod
1760 3573 1839 3620 sanc
1875 3553 1974 3620 valde

373 3671 555 3736 mirandum
579 3675 640 3751 est,
665 3669 782 3752 qnippe
808 3688 880 3735 curn
904 3675 938 3734 et
954 3689 1058 3753 genus
1081 3670 1212 3734 dicendi
1236 3669 1392 3736 exhibeat
1415 3669 1499 3734 hand
1525 3669 1732 3736 iniucundum
1759 3667 1867 3750 otiis,
1892 3685 1975 3749 quae

372 3787 414 3850 (le
452 3802 488 3850 re
526 3783 650 3848 rustica
688 3783 858 3866 disseruit,
899 3785 971 3849 sine
1006 3783 1104 3849 dnbio
1140 3784 1291 3866 princeps
1328 3784 1522 3866 scriptorum
1558 3785 1606 3850 rei
1642 3783 1786 3849 rusticae
1820 3781 1976 3848 evaserit.

372 3895 567 3978 anerrime
591 3895 721 3976 qnidam
744 3897 893 3962 nonnulli
916 3897 980 3964 viri
1004 3900 1092 3963 docti
1116 3918 1180 3964 non
1205 3899 1355 3982 exiguam
1379 3917 1489 3964 curam
1514 3903 1693 3980 posuerunt
1715 3897 1749 3962 in
1773 3895 1975 3962 Columellas

370 4012 483 4092 libris;
519 4012 578 4075 sed
602 4009 641 4075 V.
666 4009 819 4092 Tinojero
834 4011 867 4094 ¹),
893 4011 947 4092 qni
972 4011 1172 4078 Columellas
1196 4011 1298 4077 libros
1323 4011 1356 4076 in
1380 4011 1526 4094 lingnam
1553 4011 1765 4094 Hispanicum
1788 4009 1969 4094 transtulit,

370 4125 405 4191 in
428 4123 633 4207 praefatione
668 4125 708 4188 de
732 4123 803 4190 vita
827 4123 1007 4207 scriptoris,
1032 4125 1072 4189 V.
1104 4125 1304 4206 Barberet2)
1340 4130 1374 4190 et
1409 4125 1448 4190 G.
1474 4126 1603 4192 Becher
1616 4123 1641 4206 ⁸)
1680 4128 1741 4208 „da
1773 4125 1974 4194 Columellas

370 4239 441 4308 vita
457 4244 490 4304 et
505 4237 656 4319 seriptis“
675 4242 777 4320 agunt
789 4243 886 4318 atque
900 4238 969 4302 eins
985 4237 1201 4303 elocutionem
1214 4239 1334 4304 leviter
1349 4243 1476 4304 tantum
1489 4239 1679 4322 attigerunt,
1694 4239 1732 4304 G.
1748 4239 1924 4305 Schroeter
1935 4239 1973 4324 ⁴),

522 4552 539 4612 ¹)
562 4554 612 4604 Los
631 4553 699 4605 doce
717 4553 803 4604 libros
822 4554 856 4604 de
874 4553 1037 4616 agriculture
1056 4551 1090 4602 de
1105 4551 1187 4602 Lucio
1206 4552 1286 4602 Junlo
1299 4551 1437 4602 Moderato
1451 4551 1587 4604 Columela
1607 4559 1788 4604 nnevamente
1808 4553 1974 4617 raimpresos

369 4651 422 4688 con
441 4637 465 4686 lo
484 4636 615 4698 biogrella
633 4638 676 4687 del
694 4643 773 4688 ontor
793 4651 844 4702 por
862 4637 919 4687 Don
941 4635 1052 4685 Vleento
1070 4634 1205 4696 Tlnajero.
1245 4635 1349 4686 lledrid
1371 4639 1443 4687 1879.

519 4719 539 4778 ²)
561 4722 591 4770 V.
614 4721 760 4777 Borberet:
781 4723 817 4772 De
836 4721 1000 4772 Columellas
1018 4721 1071 4772 vita
1090 4725 1116 4770 et
1134 4721 1255 4783 scriptis.
1293 4719 1415 4770 Nantlocl
1438 4723 1510 4770 teet.

519 4803 538 4866 θ)
560 4807 591 4856 G.
612 4806 729 4857 Becher:
753 4808 788 4856 De
808 4807 834 4857 l..
854 4807 927 4857 Jnnll
947 4806 1080 4855 lllodereti
1100 4804 1264 4855 columellae
1283 4807 1337 4856 vlla
1356 4810 1384 4856 et
1401 4806 1522 4870 seriptis.
1560 4806 1665 4870 Llpsloe
1687 4809 1760 4856 ¹897.

519 4889 539 4952 ⁴1
560 4892 592 4940 G.
612 4891 772 4946 Schroeler:
793 4891 830 4940 De
848 4891 995 4942 Columella
1016 4890 1129 4953 Vergilii
1150 4891 1294 4946 imitatore.
1332 4890 1414 4940 Jenae
1435 4893 1509 4941 tm
