4700 5762
1007 563 1228 632 ..35-

318 757 426 823 viantis
450 775 514 820 non
538 755 605 820 sint
628 755 776 820 obnoxia.
806 754 863 836 IV,
881 753 911 836 7,
935 753 957 818 4
980 757 1015 819 ut
1037 771 1079 819 ne
1102 751 1239 819 influant
1262 753 1393 837 imbres,
1418 757 1461 837 et,
1486 755 1515 820 si
1538 755 1623 822 forte
1639 758 1749 821 tamen
1771 755 1913 838 ingressi

318 869 448 952 tuerint,
475 889 539 935 non
562 869 782 934 immorentur.

480 985 677 1051 Graecorum
695 1003 784 1048 more
802 983 982 1048 Columella
1005 982 1108 1048 semel
1124 981 1272 1063 scripsit:
1300 1001 1403 1065 ,cum
1428 1002 1472 1048 eo
1497 979 1558 1066 (ἐπὶ
1591 978 1704 1070 τούτῳ)
1729 983 1809 1067 ne¹‘,
1834 1003 1917 1065 quae

318 1099 438 1166 locutio
462 1099 599 1180 primum
625 1099 710 1179 apud
735 1097 863 1163 Livium
887 1096 1061 1162 invenitur.
1079 1094 1099 1184 ¹)
1124 1096 1191 1162 Col.
1216 1097 1256 1179 V,
1285 1094 1350 1179 l,4
1374 1097 1536 1178 obsequar
1558 1098 1721 1164 voluntati
1743 1103 1819 1164 tuae
1843 1117 1914 1165 cnm

318 1213 594 1296 mmmm

478 1327 647 1393 Postremo
665 1343 919 1390 cornmemorare
935 1324 1036 1408 iuvat,
1064 1325 1151 1407 ,ne“
1177 1326 1320 1406 pendere
1338 1344 1379 1390 cx
1395 1325 1611 1410 substantivo,
1636 1329 1721 1406 quod
1738 1331 1789 1392 est
1804 1328 1914 1392 timor:

319 1441 379 1523 XI,
396 1440 425 1524 3,
440 1443 483 1506 63
507 1442 561 1507 nbi
585 1442 683 1506 timor
706 1446 766 1521 est,
791 1459 832 1505 ne
856 1439 1053 1504 autumnalis
1078 1438 1162 1504 satio
1186 1439 1302 1504 hiemis
1319 1439 1481 1522 gelicidiis
1497 1442 1678 1522 peroratur.
1701 1435 1915 1526 (Liv.Verg.).

1065 1579 1092 1662 a
1115 1576 1168 1648 53.

788 1698 846 1770 lle
878 1699 1138 1770 enuntiatis
1169 1699 1448 1771 censalibus.

479 1823 564 1886 Ante
588 1821 696 1886 onmia
719 1821 874 1886 hocloco
899 1823 1092 1886 monendum
1117 1823 1182 1902 est,
1215 1821 1428 1887 Columellam
1459 1821 1556 1887 valde
1586 1839 1697 1886 amare
1720 1821 1914 1902 particulam

321 1933 562 2016 ,quonia1n.“
604 1935 681 1999 Cum
699 1935 842 2016 Tacitus
866 1939 903 1999 nt
925 1935 1025 2000 alium
1048 1935 1239 2016 scriptorem
1264 1933 1407 2017 afferam,
1431 1934 1593 2016 particula
1615 1935 1765 2016 quoniam
1789 1939 1914 2001 tantum

318 2048 440 2129 septies
465 2051 498 2112 ot
520 2047 622 2114 vicies
646 2066 723 2114 usus
748 2047 828 2130 sit,²)
865 2049 1046 2114 Columella
1077 2067 1148 2114 earn
1182 2048 1293 2130 decies
1329 2052 1363 2114 et
1396 2047 1565 2114 ducenties
1599 2048 1762 2131 adhibuit,
1800 2049 1846 2114 ita
1880 2053 1917 2114 ut

318 2161 498 2241 particulae
525 2161 651 2245 ,quia“
678 2165 712 2226 et
746 2161 886 2242 ,quod“
924 2163 1025 2228 multo
1060 2162 1165 2228 rarius
1200 2166 1369 2243 ponantur.
1420 2163 1472 2227 lta
1507 2161 1649 2243 exempli
1682 2162 1790 2244 gratia
1821 2163 1916 2228 Colu-

318 2275 418 2340 mella
440 2275 474 2341 in
508 2275 611 2357 primo
635 2276 719 2340 libro
744 2279 914 2357 usurpavit
949 2275 1177 2358 ,quoniam“
1219 2276 1328 2341 sexies
1368 2275 1488 2358 decies,
1532 2274 1659 2358 ,quia“
1700 2279 1753 2341 ter
1791 2263 1912 2359 decies,

321 2389 463 2471 ,quod‘
496 2389 566 2474 bis;
600 2391 633 2454 in
657 2393 774 2456 octavo
798 2389 881 2454 libro
906 2390 1047 2456 occurrit
1072 2388 1298 2472 ,quoniam¹‘
1325 2388 1375 2455 bis
1400 2393 1433 2454 et
1453 2388 1566 2471 vicies,
1591 2389 1740 2456 sedecies
1767 2389 1913 2472 ,quia“,

321 2503 462 2584 ,qrrod“
501 2503 685 2584 quinquies3
726 2503 759 2568 in
794 2504 985 2569 duodecimo
1020 2505 1104 2569 libro
1147 2503 1372 2586 ,qnoniam‘
1411 2506 1521 2568 exstat
1555 2503 1765 2586 undevicies‚
1805 2504 1914 2570 sexies

321 2617 464 2700 ,quia“,
490 2621 604 2698 rpurrter
630 2617 784 2702 ,quod“;
811 2619 906 2683 Hand
930 2619 1027 2684 dubie
1051 2621 1092 2683 ad
1116 2620 1285 2701 vulgarem
1309 2618 1439 2683 dicendi
1479 2637 1571 2682 usum
1605 2619 1666 2683 hoc
1706 2618 1913 2683 referendum

318 2735 388 2813 est,
428 2731 640 2812 quippenam
665 2731 781 2813 vulgus
806 2733 1200 2812 sempervocibusbene
1237 2734 1428 2799 sonantibus
1459 2733 1599 2797 maxime
1633 2733 1785 2797 laetetur.
1833 2731 1912 2797 Cum

318 2844 417 2926 igitur
456 2845 636 2911 Columella
674 2845 867 2926 particulam
920 2845 1109 2927 ,qnoniam“
1144 2851 1211 2912 tam
1257 2846 1446 2927 frequenter
1491 2845 1685 2928 adhibuerit,
1736 2864 1800 2911 non
1854 2849 1915 2926 ost,

318 2977 375 3024 cur
421 2959 595 3040 miremur,
632 2961 715 3038 qnod
755 2958 944 3040 ,qnoniam“
984 2959 1094 3024 multis
1126 2960 1206 3024 loeis
1238 2959 1308 3024 fere
1339 2959 1425 3025 idem
1457 2959 1620 3041 significat
1654 2963 1751 3041 atque
1789 2956 1916 3041 ,quia“,

319 3077 352 3138 et
386 3072 530 3154 profecto
571 3073 701 3140 variant
740 3073 826 3137 inter
864 3092 900 3137 sc
936 3072 1100 3137 nonnullis
1135 3073 1216 3138 locis
1255 3073 1436 3154 particulae
1481 3071 1594 3154 ,quia“
1638 3078 1672 3139 et
1713 3071 1915 3156 ,quoniam“,

317 3187 431 3252 veluti:
467 3188 529 3270 ΙΙΙ,
567 3185 617 3268 12,
656 3185 802 3266 lneque
826 3186 960 3251 nimium
984 3186 1125 3251 calidum
1149 3186 1253 3251 solum
1277 3205 1373 3267 posse
1397 3187 1539 3251 tolerare
1563 3186 1664 3252 vitem
1689 3187 1765 3267 onia
1787 3187 1907 3268 inurat,

317 3319 421 3380 noque
446 3301 678 3382 praegelidam,
714 3301 862 3381 quoniam
888 3337 931 3344 —
954 3299 1082 3365 radices
1111 3301 1297 3366 -moveri
1332 3319 1395 3364 non
1431 3300 1525 3364 sinat.
1565 3300 1657 3382 VIII,
1698 3303 1746 3382 ll,
1788 3300 1803 3364 1
1840 3320 1915 3366 nam

319 3413 469 3492 quoniam
492 3415 603 3495 (pavor)
628 3432 688 3478 nee
711 3414 895 3480 sublimiter
918 3417 1027 3495 potest
1049 3431 1111 3478 nec
1134 3432 1192 3494 per
1214 3413 1314 3494 longa
1336 3413 1444 3494 spatia
1459 3413 1609 3496 volitare,
1634 3419 1702 3478 tum
1719 3413 1817 3477 etiam
1835 3413 1911 3493 quia

318 3527 399 3592 luris
423 3564 466 3572 -
490 3531 595 3591 metus
619 3545 685 3591 non
709 3531 768 3591 est.

482 3639 734 3723 ,Quatenus“
761 3641 908 3706 omnibus
933 3642 1132 3722 temporibus
1156 3660 1230 3707 raro
1254 3644 1443 3722 usurpatum
1467 3645 1519 3705 est
1542 3645 1575 3706 et
1597 3641 1631 3705 in
1654 3661 1752 3722 prosa
1768 3642 1915 3706 oratione

321 3757 447 3820 demum
473 3756 558 3836 apud
585 3755 753 3819 Valerium
778 3755 953 3820 Maximum
978 3758 1124 3840 exstare)
1172 3755 1280 3820 Etiam
1309 3756 1394 3836 apud
1426 3754 1638 3820 Columellam
1662 3755 1765 3818 semel
1787 3757 1913 3818 tantum

319 3869 480 3934 occurrit:
503 3869 561 3950 IV,
579 3867 631 3951 32,
641 3851 670 3932 '4
686 3869 889 3934 tolerabilius
910 3872 1033 3934 arundo
1053 3873 1226 3953 castratur,
1250 3873 1424 3950 antequam
1444 3869 1601 3952 caeditur,
1625 3873 1783 3949 quatenus
1798 3867 1915 3933 calami

318 3983 410 4048 velut
432 3983 558 4047 indices
583 3983 817 4065 demonstrant,
842 3982 919 4063 qnid
943 3985 1121 4048 eruendum
1144 3984 1198 4049 sit.

478 4097 714 4177 Nonnunquam
731 4095 955 4162 coniunctivns
980 4097 1111 4163 additur
1134 4098 1313 4180 particulae
1341 4097 1477 4181 ,quod“,
1502 4097 1557 4162 ubi
1581 4099 1807 4178 exspectamus
1832 4095 1914 4160 indi-

319 4211 469 4276 cativum.
506 4209 580 4292 VII,
617 4207 692 4292 3,7
726 4210 852 4277 variam
876 4229 1053 4291 canamque
1078 4208 1197 4296 (ovum)
1221 4211 1430 4293 improbable,
1466 4213 1550 4292 quod
1574 4210 1619 4276 sit
1642 4209 1759 4275 incerti
1783 4211 1911 4276 eoloris

319 4325 396 4408 VII,
421 4322 452 4407 6,
477 4321 498 4389 8
522 4341 582 4388 nec
604 4324 693 4388 ultra
717 4329 788 4389 octo
812 4343 914 4390 annos
938 4329 1060 4390 matres
1084 4326 1268 4391 servandae
1284 4329 1368 4408 sunt,
1394 4327 1479 4406 quod
1494 4325 1626 4390 assiduo
1643 4328 1738 4406 partu
1754 4324 1913 4407 fatigatae

319 4439 450 4505 steriles
476 4437 629 4504 existant.
677 4437 717 4503 cf.
742 4437 803 4522 IX,
827 4440 858 4517 6,
883 4437 912 4504 3.

470 4629 487 4689 ¹]
507 4630 560 4679 Cir.
582 4629 698 4689 Drncger
718 4627 748 4676 Η.
770 4627 794 4676 S.
818 4628 836 4675 ΙΙ
858 4640 899 4691 pg.
920 4630 977 4674 268.

467 4711 487 4774 ἣν
507 4711 560 4762 Clr.
582 4712 600 4761 C
632 4711 731 4766 Reuss:
754 4711 790 4760 De
809 4711 1035 4761 coniunctionum
1054 4712 1204 4761 causalium
1223 4711 1297 4776 apud
1316 4712 1439 4761 Tacitum
1460 4721 1522 4760 usu.
1559 4709 1631 4760 llalis
1653 4713 1727 4761 1876.

467 4795 487 4862 ⁸)
508 4798 561 4848 Clr.
584 4797 700 4860 Craeger
719 4797 749 4852 ll,
767 4797 793 4847 S.
813 4797 835 4847 ll
854 4810 897 4862 pg.
915 4799 974 4846 ⁶8⁰.
1730 4871 1748 4930 ὃ

1748 4877 1764 4906 1
