4526 5726
1090 507 1309 576 -54-

399 701 456 760 ant
480 697 589 762 vitatis
614 697 771 764 lacessita
806 697 973 764 dilabitur.
1010 697 1102 780 VIII,
1136 701 1228 782 Ila
1260 722 1300 768 ne
1325 703 1437 784 vipera
1470 705 1616 786 telasque
1640 706 1820 772 autetiam
1844 705 1997 770 mustella

399 809 503 894 possit
526 811 681 893 asprirarc.
707 831 815 878 ve-
841 817 896 878 et:
923 811 983 895 ΙΙΙ,
1007 811 1061 894 21,
1088 811 1124 878 11
1151 818 1321 882 (acumina
1343 819 1476 884 drumm
1499 817 1684 900 pirorumve
1707 823 1743 883 et
1767 819 1933 884 malorum.

559 925 615 1008 ‘2:3)
638 925 808 992 Postremo
833 945 957 1008 moneo,
982 925 1195 994 Columellam
1219 932 1334 996 crebro
1358 951 1550 1014 componere
1586 931 1764 1014 particulas
1788 933 2003 1014 copulati·

399 1057 469 1108 vas
494 1039 562 1111 ivel
585 1039 880 1122 disiunctivas)
904 1043 946 1106 et
968 1041 1218 1124 asyndeton:
1254 1045 1350 1128 XIII,
1376 1047 1429 1128 211,
1461 1043 1482 1112 2
1507 1057 1542 1113 ut
1572 1046 1784 1128 asaperiore
1807 1051 1842 1112 et
1864 1046 2000 1112 sicciore

398 1153 585 1222 steriliora
603 1153 637 1220 ln
661 1155 851 1238 planiorem,
875 1153 1090 1236 humiliorem,
1115 1156 1316 1240 pinguiorem
1333 1179 1447 1243 agrum
1460 1161 1651 1226 transieras.
1675 1160 1754 1238 XII,
1778 1158 1809 1242 V,
1833 1161 1855 1224 2
1877 1161 1906 1226 si
1923 1160 2000 1226 vitis

397 1269 484 1354 alba,
508 1287 622 1338 macas
647 1274 681 1336 ot
703 1277 847 1336 tamuum
871 1277 906 1334 et
928 1287 1119 1352 asparagus,
1144 1271 1286 1352 lapsana
1311 1281 1345 1338 et
1368 1274 1539 1358 pastiones
1574 1282 1609 1340 et
1631 1279 1751 1355 nepeta
1774 1279 1809 1338 et
1845 1274 1946 1340 battis
1970 1274 2002 1338 in

397 1385 511 1452 alveos
535 1390 778 1466 componuntnr.
818 1383 844 1466 I,
869 1381 901 1466 3,
925 1381 945 1448 6
969 1383 1112 1448 achaias
1137 1385 1209 1449 dieo
1234 1392 1268 1450 et
1291 1388 1443 1472 Hiberon,
1476 1390 1622 1455 Albanos
1646 1406 1772 1470 quoque
1805 1407 1865 1454 nec
1897 1387 2001 1452 minus

398 1497 524 1564 siculos
549 1503 583 1564 et
607 1497 776 1580 Pelasgos,
801 1495 1017 1578 aborigenes,
1042 1500 1199 1564 Arcadas.
1223 1500 1250 1582 l,
1275 1503 1306 1583 8,
1332 1501 1351 1566 9
1376 1523 1458 1584 quae
1484 1511 1600 1570 cuncta
1624 1502 1838 1585 prohibentur
1861 1503 1999 1584 pellibus

398 1611 579 1696 manicatis,
604 1613 796 1680 centonibus
821 1609 978 1678 coniectis
1003 1612 1055 1678 vel
1082 1612 1171 1694 sagis
1196 1615 1343 1682 cucullis.
1371 1617 1427 1699 VI,
1455 1617 1504 1698 15,
1530 1616 1550 1682 2
1575 1617 1780 1700 suffragines
1806 1634 1947 1682 coronae
1963 1634 2002 1680 ac

398 1726 575 1794 discrimen
600 1727 714 1810 ipsum.

1110 1842 1133 1918 c
1180 1847 1219 1920 ut
1240 1845 1291 1920 iv.

653 1992 725 2108 De
762 1995 999 2108 sermonis
1031 1863 1347 2110 abudpdantia
1391 1999 1442 2112 et
1478 1997 1739 2112 brevitate.

908 2191 939 2274 Ι)
961 2189 1017 2262 De
1037 2190 1223 2262 sermonis
1245 2191 1485 2264 abundantia.

558 2307 781 2395 (alumnam,
806 2311 897 2378 euius
921 2331 1036 2380 munus
1060 2316 1151 2378 esset
1174 2313 1302 2396 docere,
1327 2313 1468 2396 simplici
1491 2317 1525 2378 et
1536 2313 1708 2395 perspicuo
1732 2311 1863 2378 dicendi
1879 2329 2000 2394 genere

399 2421 444 2490 uti
470 2421 608 2490 maxime
632 2425 797 2494 studuisse
821 2425 885 2492 iam
910 2445 1009 2510 supra
1032 2425 1227 2510 monuimus;
1252 2445 1352 2506 quare
1376 2428 1407 2492 ei
1430 2445 1472 2494 ue
1496 2433 1602 2494 tumor
1617 2427 1746 2509 quidem
1770 2427 1827 2492 ille
1850 2423 1999 2508 proprius

398 2541 459 2620 est,
484 2555 545 2620 pao
569 2538 673 2604 verba
695 2539 791 2606 nimis
821 2541 1035 2608 cumulantur.
1060 2539 1147 2606 Sane
1178 2540 1379 2606 abundantia
1408 2543 1568 2624 quaedam
1597 2541 1769 2609 verborum
1805 2540 1893 2606 baud
1926 2555 2000 2604 raro

397 2647 574 2734 invenitur,
600 2671 640 2718 ea
663 2655 781 2736 tamem
808 2671 903 2734 quam
927 2654 1025 2720 etiam
1051 2653 1164 2736 optimi
1189 2654 1365 2736 scriptores
1382 2654 1569 2738 admittunt,
1594 2654 1712 2737 quippe
1736 2672 1819 2734 quae
1843 2649 2000 2717 orationis

398 2761 558 2832 laetitiam
575 2765 673 2834 valde
690 2771 825 2850 augeam
851 2765 922 2834 veri
946 2771 1054 2833 autem
1079 2769 1270 2852 pleonasmi,
1296 2769 1351 2850 qui
1375 2773 1543 2850 vocantur,
1568 2768 1596 2834 si
1620 2767 1729 2850 operis
1753 2765 2002 2848 amplitudinem

399 2876 567 2962 respicias,
593 2897 667 2945 raro
691 2885 874 2948 occurrunt.

1155 3003 1249 3089 865.

559 3123 824 3192 Primnrnloeum
841 3131 953 3193 tenent
976 3127 1237 3194 abundantia
1260 3147 1333 3211 per
1363 3147 1678 3212 synonymorum
1702 3125 2004 3208 copulationem

400 3235 567 3304 allecta.

560 3353 593 3434 a)
618 3353 689 3421 Huc
710 3359 861 3438 spactant
885 3373 926 3420 ax
961 3357 1313 3423 substantivorum
1349 3376 1491 3440 genere:
1517 3375 1574 3422 aes
1599 3360 1633 3422 et
1656 3358 1828 3437 argentum
1853 3351 1946 3434 VIII,
1972 3354 2002 3434 8,

405 3465 451 3534 10.
475 3465 598 3534 airricus
623 3467 860 3552 Inrrriliarisque
886 3471 910 3552 I,
936 3469 966 3554 8,
993 3473 1021 3537 7.
1045 3491 1137 3538 arma
1159 3489 1198 3537 ac
1222 3472 1290 3536 tela
1306 3471 1384 3554 ΧΙΙ,
1409 3469 1439 3536 3.
1465 3470 1493 3536 1.
1517 3475 1614 3552 caput
1643 3475 1677 3534 et
1704 3471 1853 3534 columen
1885 3467 1947 3550 ΙΠ,
1973 3466 2006 3550 4,

399 3579 430 3648 3.
455 3599 537 3648 estve
560 3586 594 3649 ot
615 3582 764 3650 latebrae
791 3585 814 3668 Ι,
839 3587 870 3668 6,
896 3583 948 3651 13.
973 3587 1078 3651 cultus
1096 3589 1129 3650 at
1152 3584 1349 3667 agitationes
1367 3603 1518 3668 agrorum
1542 3584 1586 3666 II,
1615 3581 1642 3666 Ι,
1667 3581 1697 3648 4.
1716 3582 1886 3664 dispositio
1903 3586 2001 3662 atqua

399 3695 479 3762 ordo
500 3694 578 3780 XII,
603 3691 634 3778 2,
659 3693 689 3762 4.
714 3695 887 3764 familiaris
910 3697 1002 3764 focus
1026 3717 1203 3780 mensaque
1227 3699 1320 3781 VIII,
1349 3701 1376 3782 1,
1401 3697 1431 3764 2.
1460 3697 1551 3765 fluvii
1572 3698 1698 3779 rivique
1718 3697 1771 3778 VI,
1787 3693 1839 3779 22,
1865 3695 1892 3760 l.
1916 3695 2002 3778 ignis

400 3812 433 3878 et
456 3809 639 3878 incendium
664 3810 708 3894 ΙΙ,
735 3809 785 3894 18,
814 3815 839 3878 l.
864 3815 957 3882 labor
981 3819 1014 3881 et
1037 3833 1116 3896 opus
1140 3813 1198 3895 VI,
1223 3809 1275 3896 22,
1303 3811 1331 3878 1.
1355 3814 1495 3879 lascivia
1518 3818 1551 3879 et
1574 3812 1729 3878 alacritas
1746 3809 1804 3892 VI,
1826 3806 1879 3892 29,
1907 3809 1935 3875 1.
1960 3807 2001 3872 lis

401 3923 642 4008 disputatioque
667 3925 727 4010 ΙΙΙ,
757 3925 804 4011 13,
828 3926 879 3994 11.
903 3928 993 3995 lusus
1017 3946 1056 3994 ae
1086 3927 1226 3992 lascivia
1249 3927 1324 4010 VII,
1364 3925 1415 4008 12,
1441 3923 1492 3992 12.
1518 3931 1624 3992 mater
1646 3945 1685 3992 nc
1708 3942 1827 4006 parens
1861 3923 1924 4007 III,
1953 3923 2002 4006 10,

401 4039 452 4108 11.
469 4039 648 4108 moderatio
666 4046 762 4122 atquo
782 4045 1074 4122 temperamentum
1090 4028 1180 4124 xli,
1194 4039 1224 4124 6,
1246 4043 1272 4106 1.
1290 4042 1404 4107 modus
1423 4059 1639 4122 mansuraque
1654 4041 1681 4124 I,
1703 4042 1734 4122 3,
1760 4037 1789 4105 8.
1813 4043 1884 4104 tota
1899 4039 2002 4104 moles

400 4155 544 4240 corporis
569 4161 735 4238 totumque
759 4156 884 4237 pondus
908 4153 952 4238 ΙΙ,
978 4155 1008 4238 2,
1035 4155 1087 4220 23.
1112 4155 1242 4221 morbus
1267 4173 1305 4219 ac
1328 4153 1432 4236 pastis
1456 4155 1532 4237 VII,
1557 4156 1588 4239 b,
1617 4157 1664 4220 19.
1681 4153 1893 4238 neglegentia
1917 4151 2002 4218 desi·

402 4271 498 4340 dinve
522 4271 600 4356 XII,
625 4273 655 4356 3,
681 4272 711 4336 5.
734 4270 835 4337 otium
859 4273 893 4334 et
916 4267 1036 4334 inertia
1061 4265 1077 4334 1
1104 4266 1204 4350 praef.
1229 4267 1280 4334 29.
1299 4269 1458 4350 prImores
1483 4272 1580 4350 atque
1604 4270 1778 4350 optImates
1804 4267 1882 4350 XII,
1907 4263 2004 4349 3,10.

401 4387 493 4472 apulos
518 4403 556 4454 ac
579 4403 710 4452 soranus
734 4385 761 4468 Ι,
786 4381 816 4466 8,
841 4381 892 4450 11.
917 4381 1008 4464 ragio
1033 4385 1067 4448 et
1090 4381 1265 4448 declinatio
1291 4382 1403 4448 mundi
1426 4381 1488 4466 ΙΠ,
1515 4382 1545 4464 1,
1570 4383 1601 4448 3.
1625 4383 1733 4464 pulvis
1760 4387 1794 4449 et
1810 4381 1893 4446 ciuis
1908 4379 2002 4462 VIII,

402 4499 432 4587 l,
456 4501 486 4566 Ι.
511 4501 603 4566 secta
624 4499 743 4582 lexque
770 4499 811 4582 tl,
836 4496 866 4582 2,
893 4494 943 4562 21.
967 4495 1104 4562 semitae
1128 4495 1314 4578 limitesque
1339 4496 1365 4579 Ι,
1390 4495 1420 4578 8,
1447 4499 1475 4562 7.
1500 4495 1642 4562 societas
1683 4501 1781 4578 atqua
1819 4493 2002 4560 coniunctio

404 4617 448 4682 VI
473 4615 575 4700 procl.
601 4615 629 4681 2.
659 4613 747 4680 ultor
769 4631 808 4680 ac
831 4611 952 4680 vindex
989 4609 1064 4692 VII,
1106 4609 1152 4693 12,
1182 4612 1209 4676 1.
1246 4629 1323 4678 usus
1348 4613 1382 4676 et
1416 4610 1621 4692 experientia
1642 4611 1670 4694 Ι,
1709 4609 1816 4694 1,16.
1853 4609 2006 4692 algeret

403 4730 559 4804 alacritas
584 4725 685 4802 cubui
709 4725 769 4812 XI,
796 4723 825 4812 Ι,
856 4728 904 4793 17.
