<?xml version="1.0" encoding="UTF-8"?>
<!DOCTYPE html PUBLIC "-//W3C//DTD XHTML 1.0 Transitional//EN"
    "http://www.w3.org/TR/xhtml1/DTD/xhtml1-transitional.dtd">
<html xmlns="http://www.w3.org/1999/xhtml" xml:lang="en" lang="en">
 <head>
  <title>
</title>
<meta http-equiv="Content-Type" content="text/html;charset=utf-8" />
  <meta name='ocr-system' content='tesseract 3.04.00' />
  <meta name='ocr-capabilities' content='ocr_page ocr_carea ocr_par ocr_line ocrx_word'/>
</head>
<body>
  <div class='ocr_page' id='page_1' title='image "./deelucutionelju00kottgoog_0010.png"; bbox 0 0 4700 5762; ppageno 0'>
   <div class='ocr_carea' id='block_1_1' title="bbox 1094 670 1304 735">
    <p class='ocr_par' dir='ltr' id='par_1_1' title="bbox 1094 670 1304 735">
     <span class='ocr_line' id='line_1_1' title="bbox 1094 670 1304 735; baseline 0 0"><span class='ocrx_word' id='word_1_1' title='bbox 1094 670 1304 735; x_wconf 88' lang='grc' dir='ltr'>-ΙΙΙ-</span> 
     </span>
    </p>
   </div>
   <div class='ocr_carea' id='block_1_2' title="bbox 400 857 2005 3100">
    <p class='ocr_par' dir='ltr' id='par_1_2' title="bbox 400 857 2005 3100">
     <span class='ocr_line' id='line_1_2' title="bbox 405 857 2005 943; baseline 0.003 -17"><span class='ocrx_word' id='word_1_2' title='bbox 405 864 440 926; x_wconf 90' lang='lat' dir='ltr'>et</span> <span class='ocrx_word' id='word_1_3' title='bbox 463 859 583 926; x_wconf 81' lang='lat' dir='ltr'>exilem</span> <span class='ocrx_word' id='word_1_4' title='bbox 606 859 777 926; x_wconf 79' lang='lat' dir='ltr'>materiam</span> <span class='ocrx_word' id='word_1_5' title='bbox 800 858 947 942; x_wconf 80' lang='lat' dir='ltr'>eleganti</span> <span class='ocrx_word' id='word_1_6' title='bbox 971 857 1118 925; x_wconf 87' lang='lat' dir='ltr'>oratione</span> <span class='ocrx_word' id='word_1_7' title='bbox 1135 858 1307 925; x_wconf 90' lang='lat' dir='ltr'>vestiendo</span> <span class='ocrx_word' id='word_1_8' title='bbox 1327 865 1361 925; x_wconf 88' lang='lat' dir='ltr'>ot</span> <span class='ocrx_word' id='word_1_9' title='bbox 1376 861 1521 925; x_wconf 89' lang='lat' dir='ltr'>ornando</span> <span class='ocrx_word' id='word_1_10' title='bbox 1534 860 1568 926; x_wconf 93' lang='lat' dir='ltr'>id</span> <span class='ocrx_word' id='word_1_11' title='bbox 1592 861 1817 943; x_wconf 79' lang='lat' dir='ltr'>compensavit</span> <span class='ocrx_word' id='word_1_12' title='bbox 1835 867 1870 929; x_wconf 88' lang='lat' dir='ltr'>et</span> <span class='ocrx_word' id='word_1_13' title='bbox 1884 864 2005 931; x_wconf 84' lang='lat' dir='ltr'>tersior</span> 
     </span>
     <span class='ocr_line' id='line_1_3' title="bbox 402 957 2003 1057; baseline 0.004 -18"><span class='ocrx_word' id='word_1_14' title='bbox 402 977 456 1040; x_wconf 90' lang='lat' dir='ltr'>est</span> <span class='ocrx_word' id='word_1_15' title='bbox 478 957 573 1055; x_wconf 76' lang='lat' dir='ltr'>quum</span> <span class='ocrx_word' id='word_1_16' title='bbox 598 972 701 1039; x_wconf 89' lang='lat' dir='ltr'>ceteri</span> <span class='ocrx_word' id='word_1_17' title='bbox 724 973 774 1038; x_wconf 90' lang='lat' dir='ltr'>rei</span> <span class='ocrx_word' id='word_1_18' title='bbox 796 970 941 1038; x_wconf 85' lang='lat' dir='ltr'>rusticae</span> <span class='ocrx_word' id='word_1_19' title='bbox 964 972 1152 1056; x_wconf 79' lang='lat' dir='ltr'>scriptores</span> <span class='ocrx_word' id='word_1_20' title='bbox 1199 972 1376 1040; x_wconf 82' lang='lat' dir='ltr'>Enimvero</span> <span class='ocrx_word' id='word_1_21' title='bbox 1411 992 1476 1039; x_wconf 91' lang='lat' dir='ltr'>non</span> <span class='ocrx_word' id='word_1_22' title='bbox 1510 992 1615 1057; x_wconf 89' lang='lat' dir='ltr'>panca</span> <span class='ocrx_word' id='word_1_23' title='bbox 1648 975 1684 1041; x_wconf 91' lang='lat' dir='ltr'>in</span> <span class='ocrx_word' id='word_1_24' title='bbox 1720 976 1789 1042; x_wconf 88' lang='lat' dir='ltr'>eins</span> <span class='ocrx_word' id='word_1_25' title='bbox 1820 978 2003 1045; x_wconf 79' lang='lat' dir='ltr'>elocutione</span> 
     </span>
     <span class='ocr_line' id='line_1_4' title="bbox 401 1085 2003 1174; baseline 0.004 -22"><span class='ocrx_word' id='word_1_26' title='bbox 401 1086 621 1172; x_wconf 86' lang='lat' dir='ltr'>inveniuntur,</span> <span class='ocrx_word' id='word_1_27' title='bbox 641 1105 723 1168; x_wconf 88' lang='lat' dir='ltr'>qnae</span> <span class='ocrx_word' id='word_1_28' title='bbox 736 1085 897 1153; x_wconf 89' lang='lat' dir='ltr'>sermonis</span> <span class='ocrx_word' id='word_1_29' title='bbox 911 1085 1068 1152; x_wconf 86' lang='lat' dir='ltr'>cotidiani</span> <span class='ocrx_word' id='word_1_30' title='bbox 1079 1086 1211 1170; x_wconf 89' lang='lat' dir='ltr'>propria</span> <span class='ocrx_word' id='word_1_31' title='bbox 1234 1090 1319 1170; x_wconf 90' lang='lat' dir='ltr'>sunt,</span> <span class='ocrx_word' id='word_1_32' title='bbox 1343 1104 1448 1168; x_wconf 90' lang='lat' dir='ltr'>neque</span> <span class='ocrx_word' id='word_1_33' title='bbox 1473 1086 1592 1152; x_wconf 91' lang='lat' dir='ltr'>mirum</span> <span class='ocrx_word' id='word_1_34' title='bbox 1606 1087 1668 1153; x_wconf 94' lang='lat' dir='ltr'>boc</span> <span class='ocrx_word' id='word_1_35' title='bbox 1685 1093 1745 1173; x_wconf 89' lang='lat' dir='ltr'>est,</span> <span class='ocrx_word' id='word_1_36' title='bbox 1770 1089 1800 1156; x_wconf 91' lang='lat' dir='ltr'>si</span> <span class='ocrx_word' id='word_1_37' title='bbox 1823 1090 2003 1174; x_wconf 87' lang='lat' dir='ltr'>cogitamus</span> 
     </span>
     <span class='ocr_line' id='line_1_5' title="bbox 403 1199 2004 1284; baseline 0.004 -18"><span class='ocrx_word' id='word_1_38' title='bbox 403 1199 618 1267; x_wconf 80' lang='lat' dir='ltr'>Columellam</span> <span class='ocrx_word' id='word_1_39' title='bbox 652 1199 784 1267; x_wconf 87' lang='lat' dir='ltr'>rusticis</span> <span class='ocrx_word' id='word_1_40' title='bbox 817 1199 920 1266; x_wconf 88' lang='lat' dir='ltr'>libros</span> <span class='ocrx_word' id='word_1_41' title='bbox 955 1218 1031 1266; x_wconf 88' lang='lat' dir='ltr'>snos</span> <span class='ocrx_word' id='word_1_42' title='bbox 1068 1199 1317 1284; x_wconf 86' lang='lat' dir='ltr'>conscripsisse;</span> <span class='ocrx_word' id='word_1_43' title='bbox 1357 1200 1522 1266; x_wconf 87' lang='lat' dir='ltr'>nonnullis</span> <span class='ocrx_word' id='word_1_44' title='bbox 1559 1200 1650 1284; x_wconf 85' lang='lat' dir='ltr'>lucie,</span> <span class='ocrx_word' id='word_1_45' title='bbox 1688 1205 1773 1283; x_wconf 87' lang='lat' dir='ltr'>quod</span> <span class='ocrx_word' id='word_1_46' title='bbox 1808 1204 1927 1271; x_wconf 72' lang='lat' dir='ltr'>obiret</span> <span class='ocrx_word' id='word_1_47' title='bbox 1961 1207 2004 1271; x_wconf 87' lang='lat' dir='ltr'>ad</span> 
     </span>
     <span class='ocr_line' id='line_1_6' title="bbox 401 1313 2002 1400; baseline 0.004 -20"><span class='ocrx_word' id='word_1_48' title='bbox 401 1313 561 1380; x_wconf 89' lang='lat' dir='ltr'>rationem</span> <span class='ocrx_word' id='word_1_49' title='bbox 584 1314 810 1398; x_wconf 84' lang='lat' dir='ltr'>syntecticam,</span> <span class='ocrx_word' id='word_1_50' title='bbox 829 1313 1014 1384; x_wconf 70' lang='lat' dir='ltr'>,declinavit</span> <span class='ocrx_word' id='word_1_51' title='bbox 1047 1314 1088 1380; x_wconf 88' lang='lat' dir='ltr'>ab</span> <span class='ocrx_word' id='word_1_52' title='bbox 1113 1332 1233 1380; x_wconf 88' lang='lat' dir='ltr'>aureae</span> <span class='ocrx_word' id='word_1_53' title='bbox 1256 1313 1375 1380; x_wconf 88' lang='lat' dir='ltr'>aetatis</span> <span class='ocrx_word' id='word_1_54' title='bbox 1407 1314 1634 1400; x_wconf 81' lang='lat' dir='ltr'>scriptoribns3</span> <span class='ocrx_word' id='word_1_55' title='bbox 1671 1321 1848 1400; x_wconf 82' lang='lat' dir='ltr'>argenteae</span> <span class='ocrx_word' id='word_1_56' title='bbox 1883 1319 2002 1386; x_wconf 88' lang='lat' dir='ltr'>aetatis</span> 
     </span>
     <span class='ocr_line' id='line_1_7' title="bbox 400 1427 2004 1516; baseline 0.002 -21"><span class='ocrx_word' id='word_1_57' title='bbox 400 1427 543 1512; x_wconf 86' lang='lat' dir='ltr'>vestigia</span> <span class='ocrx_word' id='word_1_58' title='bbox 567 1446 605 1493; x_wconf 91' lang='lat' dir='ltr'>eo</span> <span class='ocrx_word' id='word_1_59' title='bbox 629 1445 755 1509; x_wconf 89' lang='lat' dir='ltr'>quoqne</span> <span class='ocrx_word' id='word_1_60' title='bbox 779 1429 1075 1511; x_wconf 88' lang='lat' dir='ltr'>deprehenduntnr,</span> <span class='ocrx_word' id='word_1_61' title='bbox 1100 1429 1185 1509; x_wconf 88' lang='lat' dir='ltr'>quod</span> <span class='ocrx_word' id='word_1_62' title='bbox 1209 1445 1437 1509; x_wconf 89' lang='lat' dir='ltr'>nonnunquam</span> <span class='ocrx_word' id='word_1_63' title='bbox 1460 1427 1597 1510; x_wconf 84' lang='lat' dir='ltr'>poeticis</span> <span class='ocrx_word' id='word_1_64' title='bbox 1621 1429 1758 1496; x_wconf 87' lang='lat' dir='ltr'>vocibus</span> <span class='ocrx_word' id='word_1_65' title='bbox 1781 1431 1884 1497; x_wconf 91' lang='lat' dir='ltr'>utitur</span> <span class='ocrx_word' id='word_1_66' title='bbox 1898 1433 1939 1516; x_wconf 78' lang='grc'>1);</span> <span class='ocrx_word' id='word_1_67' title='bbox 1968 1437 2004 1498; x_wconf 88' lang='lat' dir='ltr'>at</span> 
     </span>
     <span class='ocr_line' id='line_1_8' title="bbox 401 1540 2003 1624; baseline 0.002 -16"><span class='ocrx_word' id='word_1_68' title='bbox 401 1560 467 1608; x_wconf 92' lang='lat' dir='ltr'>non</span> <span class='ocrx_word' id='word_1_69' title='bbox 490 1541 639 1608; x_wconf 90' lang='lat' dir='ltr'>invenies</span> <span class='ocrx_word' id='word_1_70' title='bbox 663 1544 749 1624; x_wconf 88' lang='lat' dir='ltr'>apud</span> <span class='ocrx_word' id='word_1_71' title='bbox 762 1541 978 1608; x_wconf 83' lang='lat' dir='ltr'>Columellam</span> <span class='ocrx_word' id='word_1_72' title='bbox 998 1543 1182 1624; x_wconf 88' lang='lat' dir='ltr'>quaesitum</span> <span class='ocrx_word' id='word_1_73' title='bbox 1205 1541 1287 1607; x_wconf 92' lang='lat' dir='ltr'>illud</span> <span class='ocrx_word' id='word_1_74' title='bbox 1311 1547 1345 1607; x_wconf 90' lang='lat' dir='ltr'>et</span> <span class='ocrx_word' id='word_1_75' title='bbox 1355 1540 1566 1608; x_wconf 89' lang='lat' dir='ltr'>artificiosum</span> <span class='ocrx_word' id='word_1_76' title='bbox 1590 1547 1624 1607; x_wconf 90' lang='lat' dir='ltr'>et</span> <span class='ocrx_word' id='word_1_77' title='bbox 1635 1545 1812 1623; x_wconf 87' lang='lat' dir='ltr'>praedulce</span> <span class='ocrx_word' id='word_1_78' title='bbox 1835 1546 2003 1611; x_wconf 90' lang='lat' dir='ltr'>scribendi</span> 
     </span>
     <span class='ocr_line' id='line_1_9' title="bbox 402 1654 2001 1746; baseline 0.001 -24"><span class='ocrx_word' id='word_1_79' title='bbox 402 1673 517 1739; x_wconf 83' lang='lat' dir='ltr'>genna,</span> <span class='ocrx_word' id='word_1_80' title='bbox 541 1657 626 1736; x_wconf 92' lang='lat' dir='ltr'>qnod</span> <span class='ocrx_word' id='word_1_81' title='bbox 639 1655 838 1737; x_wconf 87' lang='lat' dir='ltr'>peculiarem</span> <span class='ocrx_word' id='word_1_82' title='bbox 851 1655 882 1720; x_wconf 94' lang='lat' dir='ltr'>ei</span> <span class='ocrx_word' id='word_1_83' title='bbox 906 1655 1018 1738; x_wconf 87' lang='lat' dir='ltr'>aetati,</span> <span class='ocrx_word' id='word_1_84' title='bbox 1037 1673 1101 1736; x_wconf 87' lang='lat' dir='ltr'>qna</span> <span class='ocrx_word' id='word_1_85' title='bbox 1113 1654 1295 1721; x_wconf 83' lang='lat' dir='ltr'>Columella</span> <span class='ocrx_word' id='word_1_86' title='bbox 1311 1673 1403 1721; x_wconf 91' lang='lat' dir='ltr'>snum</span> <span class='ocrx_word' id='word_1_87' title='bbox 1427 1657 1468 1721; x_wconf 94' lang='lat' dir='ltr'>de</span> <span class='ocrx_word' id='word_1_88' title='bbox 1485 1674 1522 1721; x_wconf 95' lang='lat' dir='ltr'>re</span> <span class='ocrx_word' id='word_1_89' title='bbox 1538 1656 1662 1722; x_wconf 89' lang='lat' dir='ltr'>rustica</span> <span class='ocrx_word' id='word_1_90' title='bbox 1678 1675 1758 1739; x_wconf 92' lang='lat' dir='ltr'>opus</span> <span class='ocrx_word' id='word_1_91' title='bbox 1775 1659 1955 1740; x_wconf 87' lang='lat' dir='ltr'>composuit</span> <span class='ocrx_word' id='word_1_92' title='bbox 1968 1656 2001 1746; x_wconf 76' lang='lat'>¹),</span> 
     </span>
     <span class='ocr_line' id='line_1_10' title="bbox 402 1767 2003 1854; baseline 0.002 -20"><span class='ocrx_word' id='word_1_93' title='bbox 402 1767 557 1851; x_wconf 89' lang='lat' dir='ltr'>loquendi</span> <span class='ocrx_word' id='word_1_94' title='bbox 593 1769 735 1835; x_wconf 88' lang='lat' dir='ltr'>indolem</span> <span class='ocrx_word' id='word_1_95' title='bbox 771 1787 810 1834; x_wconf 91' lang='lat' dir='ltr'>ac</span> <span class='ocrx_word' id='word_1_96' title='bbox 844 1768 982 1835; x_wconf 86' lang='lat' dir='ltr'>formam</span> <span class='ocrx_word' id='word_1_97' title='bbox 1007 1769 1124 1835; x_wconf 88' lang='lat' dir='ltr'>effecit.</span> <span class='ocrx_word' id='word_1_98' title='bbox 1173 1769 1277 1834; x_wconf 89' lang='lat' dir='ltr'>Recte</span> <span class='ocrx_word' id='word_1_99' title='bbox 1316 1768 1416 1852; x_wconf 92' lang='lat' dir='ltr'>igitur</span> <span class='ocrx_word' id='word_1_100' title='bbox 1437 1770 1477 1834; x_wconf 83' lang='lat' dir='ltr'>V.</span> <span class='ocrx_word' id='word_1_101' title='bbox 1515 1769 1716 1851; x_wconf 82' lang='lat' dir='ltr'>Barbaret⁸)</span> <span class='ocrx_word' id='word_1_102' title='bbox 1753 1770 1845 1837; x_wconf 92' lang='lat' dir='ltr'>dicit:</span> <span class='ocrx_word' id='word_1_103' title='bbox 1887 1791 2003 1854; x_wconf 83' lang='lat' dir='ltr'>„qnam</span> 
     </span>
     <span class='ocr_line' id='line_1_11' title="bbox 404 1881 2002 1966; baseline 0.004 -18"><span class='ocrx_word' id='word_1_104' title='bbox 404 1883 545 1950; x_wconf 85' lang='lat' dir='ltr'>maxime</span> <span class='ocrx_word' id='word_1_105' title='bbox 569 1884 736 1964; x_wconf 88' lang='lat' dir='ltr'>discrepat</span> <span class='ocrx_word' id='word_1_106' title='bbox 773 1884 814 1948; x_wconf 88' lang='lat' dir='ltr'>ab</span> <span class='ocrx_word' id='word_1_107' title='bbox 839 1883 987 1948; x_wconf 90' lang='lat' dir='ltr'>omnibus</span> <span class='ocrx_word' id='word_1_108' title='bbox 1023 1901 1103 1948; x_wconf 88' lang='lat' dir='ltr'>suae</span> <span class='ocrx_word' id='word_1_109' title='bbox 1137 1881 1257 1947; x_wconf 88' lang='lat' dir='ltr'>aetatis</span> <span class='ocrx_word' id='word_1_110' title='bbox 1296 1882 1519 1966; x_wconf 64' lang='lat' dir='ltr'>scriptoribus</span> <span class='ocrx_word' id='word_1_111' title='bbox 1555 1887 1592 1948; x_wconf 91' lang='lat' dir='ltr'>ut</span> <span class='ocrx_word' id='word_1_112' title='bbox 1625 1884 1748 1950; x_wconf 88' lang='lat' dir='ltr'>nemini</span> <span class='ocrx_word' id='word_1_113' title='bbox 1779 1903 1821 1950; x_wconf 85' lang='lat' dir='ltr'>ex</span> <span class='ocrx_word' id='word_1_114' title='bbox 1854 1887 2002 1955; x_wconf 88' lang='lat' dir='ltr'>oratione</span> 
     </span>
     <span class='ocr_line' id='line_1_12' title="bbox 403 1995 2001 2079; baseline 0.003 -16"><span class='ocrx_word' id='word_1_115' title='bbox 403 1999 530 2063; x_wconf 86' lang='lat' dir='ltr'>tentum</span> <span class='ocrx_word' id='word_1_116' title='bbox 553 1997 728 2062; x_wconf 86' lang='lat' dir='ltr'>conicienti</span> <span class='ocrx_word' id='word_1_117' title='bbox 745 2014 916 2061; x_wconf 91' lang='lat' dir='ltr'>occurrere</span> <span class='ocrx_word' id='word_1_118' title='bbox 932 1995 1047 2079; x_wconf 85' lang='lat' dir='ltr'>possit,</span> <span class='ocrx_word' id='word_1_119' title='bbox 1073 2013 1146 2062; x_wconf 90' lang='lat' dir='ltr'>eum</span> <span class='ocrx_word' id='word_1_120' title='bbox 1162 1995 1279 2060; x_wconf 90' lang='lat' dir='ltr'>iisdem</span> <span class='ocrx_word' id='word_1_121' title='bbox 1295 1995 1506 2077; x_wconf 72' lang='lat' dir='ltr'>temporibus</span> <span class='ocrx_word' id='word_1_122' title='bbox 1531 1996 1647 2077; x_wconf 90' lang='lat' dir='ltr'>quibus</span> <span class='ocrx_word' id='word_1_123' title='bbox 1664 1997 1791 2064; x_wconf 86' lang='lat' dir='ltr'>Seneca</span> <span class='ocrx_word' id='word_1_124' title='bbox 1813 2017 1874 2065; x_wconf 88' lang='lat' dir='ltr'>nec</span> <span class='ocrx_word' id='word_1_125' title='bbox 1890 2000 2001 2068; x_wconf 88' lang='lat' dir='ltr'>moltis</span> 
     </span>
     <span class='ocr_line' id='line_1_13' title="bbox 402 2107 2003 2196; baseline 0.001 -19"><span class='ocrx_word' id='word_1_126' title='bbox 402 2116 479 2177; x_wconf 88' lang='lat' dir='ltr'>ante</span> <span class='ocrx_word' id='word_1_127' title='bbox 502 2111 644 2176; x_wconf 91' lang='lat' dir='ltr'>Plinium</span> <span class='ocrx_word' id='word_1_128' title='bbox 670 2116 704 2175; x_wconf 93' lang='lat' dir='ltr'>et</span> <span class='ocrx_word' id='word_1_129' title='bbox 719 2109 868 2175; x_wconf 84' lang='lat' dir='ltr'>Tacitum</span> <span class='ocrx_word' id='word_1_130' title='bbox 891 2109 1067 2175; x_wconf 87' lang='lat' dir='ltr'>latinitatis</span> <span class='ocrx_word' id='word_1_131' title='bbox 1090 2128 1167 2176; x_wconf 88' lang='lat' dir='ltr'>eam</span> <span class='ocrx_word' id='word_1_132' title='bbox 1192 2107 1337 2190; x_wconf 87' lang='lat' dir='ltr'>speciem</span> <span class='ocrx_word' id='word_1_133' title='bbox 1361 2107 1534 2174; x_wconf 86' lang='lat' dir='ltr'>edidisse.“</span> <span class='ocrx_word' id='word_1_134' title='bbox 1562 2110 1744 2176; x_wconf 89' lang='lat' dir='ltr'>Columella</span> <span class='ocrx_word' id='word_1_135' title='bbox 1767 2129 1831 2177; x_wconf 91' lang='lat' dir='ltr'>non</span> <span class='ocrx_word' id='word_1_136' title='bbox 1855 2113 2003 2196; x_wconf 84' lang='lat' dir='ltr'>congerit</span> 
     </span>
     <span class='ocr_line' id='line_1_14' title="bbox 402 2220 2001 2306; baseline -0.001 -15"><span class='ocrx_word' id='word_1_137' title='bbox 402 2230 459 2291; x_wconf 88' lang='lat' dir='ltr'>aut</span> <span class='ocrx_word' id='word_1_138' title='bbox 471 2225 614 2290; x_wconf 88' lang='lat' dir='ltr'>cumulat</span> <span class='ocrx_word' id='word_1_139' title='bbox 625 2227 784 2306; x_wconf 84' lang='lat' dir='ltr'>ornatum,</span> <span class='ocrx_word' id='word_1_140' title='bbox 809 2242 874 2289; x_wconf 90' lang='lat' dir='ltr'>non</span> <span class='ocrx_word' id='word_1_141' title='bbox 898 2223 1003 2289; x_wconf 88' lang='lat' dir='ltr'>inhiat</span> <span class='ocrx_word' id='word_1_142' title='bbox 1027 2222 1206 2303; x_wconf 87' lang='lat' dir='ltr'>effectibus,</span> <span class='ocrx_word' id='word_1_143' title='bbox 1231 2223 1290 2287; x_wconf 87' lang='lat' dir='ltr'>sed</span> <span class='ocrx_word' id='word_1_144' title='bbox 1314 2220 1454 2287; x_wconf 89' lang='lat' dir='ltr'>elocutio</span> <span class='ocrx_word' id='word_1_145' title='bbox 1479 2221 1549 2287; x_wconf 91' lang='lat' dir='ltr'>eins</span> <span class='ocrx_word' id='word_1_146' title='bbox 1573 2223 1687 2288; x_wconf 89' lang='lat' dir='ltr'>nativa</span> <span class='ocrx_word' id='word_1_147' title='bbox 1710 2223 1920 2306; x_wconf 88' lang='lat' dir='ltr'>simplicitate</span> <span class='ocrx_word' id='word_1_148' title='bbox 1945 2245 2001 2291; x_wconf 89' lang='lat' dir='ltr'>na·</span> 
     </span>
     <span class='ocr_line' id='line_1_15' title="bbox 401 2336 2003 2419; baseline 0 -14"><span class='ocrx_word' id='word_1_149' title='bbox 401 2339 564 2419; x_wconf 87' lang='lat' dir='ltr'>turalique</span> <span class='ocrx_word' id='word_1_150' title='bbox 588 2339 736 2404; x_wconf 89' lang='lat' dir='ltr'>candore</span> <span class='ocrx_word' id='word_1_151' title='bbox 753 2337 896 2403; x_wconf 82' lang='lat' dir='ltr'>excellit.</span> <span class='ocrx_word' id='word_1_152' title='bbox 945 2337 992 2403; x_wconf 88' lang='lat' dir='ltr'>Ut</span> <span class='ocrx_word' id='word_1_153' title='bbox 1030 2336 1160 2418; x_wconf 87' lang='lat' dir='ltr'>saepius</span> <span class='ocrx_word' id='word_1_154' title='bbox 1193 2341 1361 2418; x_wconf 86' lang='lat' dir='ltr'>corruptos</span> <span class='ocrx_word' id='word_1_155' title='bbox 1397 2353 1478 2401; x_wconf 88' lang='lat' dir='ltr'>suae</span> <span class='ocrx_word' id='word_1_156' title='bbox 1513 2336 1633 2402; x_wconf 66' lang='lat' dir='ltr'>aebtis</span> <span class='ocrx_word' id='word_1_157' title='bbox 1664 2356 1771 2403; x_wconf 90' lang='lat' dir='ltr'>mores</span> <span class='ocrx_word' id='word_1_158' title='bbox 1795 2338 1942 2419; x_wconf 88' lang='lat' dir='ltr'>queritur</span> <span class='ocrx_word' id='word_1_159' title='bbox 1968 2344 2003 2406; x_wconf 90' lang='lat' dir='ltr'>et</span> 
     </span>
     <span class='ocr_line' id='line_1_16' title="bbox 400 2448 2000 2534; baseline 0.001 -16"><span class='ocrx_word' id='word_1_160' title='bbox 400 2451 552 2518; x_wconf 87' lang='lat' dir='ltr'>lendibus</span> <span class='ocrx_word' id='word_1_161' title='bbox 565 2451 659 2518; x_wconf 85' lang='lat' dir='ltr'>effert</span> <span class='ocrx_word' id='word_1_162' title='bbox 671 2451 837 2533; x_wconf 87' lang='lat' dir='ltr'>simplices</span> <span class='ocrx_word' id='word_1_163' title='bbox 854 2450 996 2532; x_wconf 88' lang='lat' dir='ltr'>priorum</span> <span class='ocrx_word' id='word_1_164' title='bbox 1012 2455 1194 2532; x_wconf 88' lang='lat' dir='ltr'>temporum</span> <span class='ocrx_word' id='word_1_165' title='bbox 1210 2468 1263 2514; x_wconf 92' lang='lat' dir='ltr'>res</span> <span class='ocrx_word' id='word_1_166' title='bbox 1271 2448 1308 2532; x_wconf 80' lang='lat'>⁴),</span> <span class='ocrx_word' id='word_1_167' title='bbox 1332 2449 1380 2515; x_wconf 89' lang='lat' dir='ltr'>ita</span> <span class='ocrx_word' id='word_1_168' title='bbox 1399 2449 1613 2516; x_wconf 84' lang='lat' dir='ltr'>inscribendi</span> <span class='ocrx_word' id='word_1_169' title='bbox 1628 2469 1749 2534; x_wconf 90' lang='lat' dir='ltr'>genere</span> <span class='ocrx_word' id='word_1_170' title='bbox 1766 2469 1831 2517; x_wconf 92' lang='lat' dir='ltr'>non</span> <span class='ocrx_word' id='word_1_171' title='bbox 1846 2453 2000 2534; x_wconf 86' lang='lat' dir='ltr'>aequales</span> 
     </span>
     <span class='ocr_line' id='line_1_17' title="bbox 400 2545 2002 2648; baseline 0.001 -18"><span class='ocrx_word' id='word_1_172' title='bbox 400 2563 556 2647; x_wconf 87' lang='lat' dir='ltr'>imitatur,</span> <span class='ocrx_word' id='word_1_173' title='bbox 581 2566 639 2630; x_wconf 89' lang='lat' dir='ltr'>sed</span> <span class='ocrx_word' id='word_1_174' title='bbox 663 2569 805 2646; x_wconf 88' lang='lat' dir='ltr'>veteres,</span> <span class='ocrx_word' id='word_1_175' title='bbox 830 2563 976 2644; x_wconf 88' lang='lat' dir='ltr'>inprimis</span> <span class='ocrx_word' id='word_1_176' title='bbox 1002 2545 1191 2630; x_wconf 89' lang='lat' dir='ltr'>Ciceronem</span> <span class='ocrx_word' id='word_1_177' title='bbox 1215 2569 1249 2628; x_wconf 87' lang='lat' dir='ltr'>et</span> <span class='ocrx_word' id='word_1_178' title='bbox 1264 2562 1446 2645; x_wconf 87' lang='lat' dir='ltr'>Vergilium</span> <span class='ocrx_word' id='word_1_179' title='bbox 1470 2563 1564 2644; x_wconf 89' lang='lat' dir='ltr'>qnasi</span> <span class='ocrx_word' id='word_1_180' title='bbox 1588 2564 1738 2646; x_wconf 83' lang='lat' dir='ltr'>exempla</span> <span class='ocrx_word' id='word_1_181' title='bbox 1754 2565 1817 2631; x_wconf 89' lang='lat' dir='ltr'>sibi</span> <span class='ocrx_word' id='word_1_182' title='bbox 1832 2566 2002 2648; x_wconf 85' lang='lat' dir='ltr'>proposuit</span> 
     </span>
     <span class='ocr_line' id='line_1_18' title="bbox 401 2675 1999 2760; baseline 0.002 -17"><span class='ocrx_word' id='word_1_183' title='bbox 401 2679 444 2743; x_wconf 87' lang='lat' dir='ltr'>ad</span> <span class='ocrx_word' id='word_1_184' title='bbox 467 2677 669 2744; x_wconf 88' lang='lat' dir='ltr'>imitandum.</span> <span class='ocrx_word' id='word_1_185' title='bbox 707 2677 822 2758; x_wconf 88' lang='lat' dir='ltr'>Itaque</span> <span class='ocrx_word' id='word_1_186' title='bbox 846 2676 992 2758; x_wconf 82' lang='lat' dir='ltr'>exceptis</span> <span class='ocrx_word' id='word_1_187' title='bbox 1016 2675 1126 2758; x_wconf 89' lang='lat' dir='ltr'>paucis</span> <span class='ocrx_word' id='word_1_188' title='bbox 1151 2677 1232 2741; x_wconf 89' lang='lat' dir='ltr'>locis</span> <span class='ocrx_word' id='word_1_189' title='bbox 1256 2676 1367 2758; x_wconf 91' lang='lat' dir='ltr'>lepida</span> <span class='ocrx_word' id='word_1_190' title='bbox 1390 2681 1424 2742; x_wconf 91' lang='lat' dir='ltr'>et</span> <span class='ocrx_word' id='word_1_191' title='bbox 1447 2681 1586 2744; x_wconf 86' lang='lat' dir='ltr'>venusta</span> <span class='ocrx_word' id='word_1_192' title='bbox 1609 2678 1802 2760; x_wconf 86' lang='lat' dir='ltr'>optimisque</span> <span class='ocrx_word' id='word_1_193' title='bbox 1825 2679 1999 2746; x_wconf 87' lang='lat' dir='ltr'>latinitatis</span> 
     </span>
     <span class='ocr_line' id='line_1_19' title="bbox 402 2789 2000 2874; baseline 0.001 -17"><span class='ocrx_word' id='word_1_194' title='bbox 402 2791 588 2858; x_wconf 88' lang='lat' dir='ltr'>auctoribus</span> <span class='ocrx_word' id='word_1_195' title='bbox 613 2791 713 2874; x_wconf 88' lang='lat' dir='ltr'>digna</span> <span class='ocrx_word' id='word_1_196' title='bbox 735 2791 837 2856; x_wconf 90' lang='lat' dir='ltr'>utitur</span> <span class='ocrx_word' id='word_1_197' title='bbox 860 2789 1003 2856; x_wconf 82' lang='lat' dir='ltr'>dictione</span> <span class='ocrx_word' id='word_1_198' title='bbox 1027 2796 1062 2855; x_wconf 91' lang='lat' dir='ltr'>et</span> <span class='ocrx_word' id='word_1_199' title='bbox 1084 2789 1258 2872; x_wconf 88' lang='lat' dir='ltr'>praecipue</span> <span class='ocrx_word' id='word_1_200' title='bbox 1281 2789 1503 2872; x_wconf 86' lang='lat' dir='ltr'>praefationes</span> <span class='ocrx_word' id='word_1_201' title='bbox 1528 2791 1667 2874; x_wconf 83' lang='lat' dir='ltr'>singulis</span> <span class='ocrx_word' id='word_1_202' title='bbox 1687 2792 1781 2858; x_wconf 90' lang='lat' dir='ltr'>libris</span> <span class='ocrx_word' id='word_1_203' title='bbox 1798 2793 2000 2874; x_wconf 88' lang='lat' dir='ltr'>praemissae</span> 
     </span>
     <span class='ocr_line' id='line_1_20' title="bbox 401 2904 1964 2988; baseline -0.001 -16"><span class='ocrx_word' id='word_1_204' title='bbox 401 2905 567 2987; x_wconf 86' lang='lat' dir='ltr'>specimen</span> <span class='ocrx_word' id='word_1_205' title='bbox 590 2923 664 2970; x_wconf 89' lang='lat' dir='ltr'>esse</span> <span class='ocrx_word' id='word_1_206' title='bbox 687 2908 825 2986; x_wconf 87' lang='lat' dir='ltr'>possunt</span> <span class='ocrx_word' id='word_1_207' title='bbox 847 2904 1004 2970; x_wconf 87' lang='lat' dir='ltr'>orationis</span> <span class='ocrx_word' id='word_1_208' title='bbox 1029 2923 1101 2970; x_wconf 92' lang='lat' dir='ltr'>cum</span> <span class='ocrx_word' id='word_1_209' title='bbox 1124 2904 1315 2987; x_wconf 88' lang='lat' dir='ltr'>perpolitae,</span> <span class='ocrx_word' id='word_1_210' title='bbox 1339 2911 1407 2970; x_wconf 88' lang='lat' dir='ltr'>turn</span> <span class='ocrx_word' id='word_1_211' title='bbox 1431 2904 1614 2986; x_wconf 88' lang='lat' dir='ltr'>aequaliter</span> <span class='ocrx_word' id='word_1_212' title='bbox 1637 2911 1671 2971; x_wconf 92' lang='lat' dir='ltr'>et</span> <span class='ocrx_word' id='word_1_213' title='bbox 1694 2908 1800 2988; x_wconf 85' lang='lat' dir='ltr'>ample</span> <span class='ocrx_word' id='word_1_214' title='bbox 1823 2905 1964 2976; x_wconf 82' lang='lat' dir='ltr'>fluentis.</span> 
     </span>
     <span class='ocr_line' id='line_1_21' title="bbox 568 3016 1825 3100; baseline 0.001 -17"><span class='ocrx_word' id='word_1_215' title='bbox 568 3017 634 3084; x_wconf 83' lang='lat' dir='ltr'>Sed</span> <span class='ocrx_word' id='word_1_216' title='bbox 653 3018 722 3100; x_wconf 78' lang='lat' dir='ltr'>Jam</span> <span class='ocrx_word' id='word_1_217' title='bbox 745 3017 888 3099; x_wconf 87' lang='lat' dir='ltr'>praefari</span> <span class='ocrx_word' id='word_1_218' title='bbox 912 3016 1100 3082; x_wconf 88' lang='lat' dir='ltr'>desinamus</span> <span class='ocrx_word' id='word_1_219' title='bbox 1124 3023 1158 3082; x_wconf 91' lang='lat' dir='ltr'>et</span> <span class='ocrx_word' id='word_1_220' title='bbox 1181 3018 1373 3082; x_wconf 86' lang='lat' dir='ltr'>accedamus</span> <span class='ocrx_word' id='word_1_221' title='bbox 1398 3018 1439 3081; x_wconf 92' lang='lat' dir='ltr'>ad</span> <span class='ocrx_word' id='word_1_222' title='bbox 1463 3016 1567 3098; x_wconf 86' lang='lat' dir='ltr'>ipsam</span> <span class='ocrx_word' id='word_1_223' title='bbox 1591 3019 1825 3100; x_wconf 89' lang='lat' dir='ltr'>quaestionem.</span> 
     </span>
    </p>
   </div>
   <div class='ocr_carea' id='block_1_3' title="bbox 401 3263 1999 3667">
    <p class='ocr_par' dir='ltr' id='par_1_3' title="bbox 401 3263 1999 3415">
     <span class='ocr_line' id='line_1_22' title="bbox 554 3263 1999 3328; baseline 0.003 -14"><span class='ocrx_word' id='word_1_224' title='bbox 554 3263 572 3324; x_wconf 74' lang='lat'>¹)</span> <span class='ocrx_word' id='word_1_225' title='bbox 593 3265 645 3315; x_wconf 86' lang='lat' dir='ltr'>Cir.</span> <span class='ocrx_word' id='word_1_226' title='bbox 666 3280 690 3315; x_wconf 87' lang='lat' dir='ltr'>e.</span> <span class='ocrx_word' id='word_1_227' title='bbox 710 3281 735 3328; x_wconf 75' lang='lat' dir='ltr'>g.</span> <span class='ocrx_word' id='word_1_228' title='bbox 753 3266 782 3325; x_wconf 91' lang='lat' dir='ltr'>ll,</span> <span class='ocrx_word' id='word_1_229' title='bbox 804 3269 827 3324; x_wconf 72' lang='lat' dir='ltr'>i,</span> <span class='ocrx_word' id='word_1_230' title='bbox 849 3269 880 3314; x_wconf 71' lang='lat' dir='ltr'>tt</span> <span class='ocrx_word' id='word_1_231' title='bbox 900 3278 978 3326; x_wconf 82' lang='lat' dir='ltr'>agros</span> <span class='ocrx_word' id='word_1_232' title='bbox 998 3277 1110 3314; x_wconf 82' lang='lat' dir='ltr'>vomere</span> <span class='ocrx_word' id='word_1_233' title='bbox 1129 3265 1267 3324; x_wconf 83' lang='lat' dir='ltr'>saucioro;</span> <span class='ocrx_word' id='word_1_234' title='bbox 1289 3265 1331 3326; x_wconf 86' lang='lat' dir='ltr'>lit,</span> <span class='ocrx_word' id='word_1_235' title='bbox 1351 3267 1392 3324; x_wconf 72' lang='lat' dir='ltr'>lt,</span> <span class='ocrx_word' id='word_1_236' title='bbox 1413 3269 1426 3313; x_wconf 82' lang='lat'>3</span> <span class='ocrx_word' id='word_1_237' title='bbox 1446 3267 1516 3316; x_wconf 84' lang='lat' dir='ltr'>alma</span> <span class='ocrx_word' id='word_1_238' title='bbox 1535 3267 1714 3317; x_wconf 84' lang='lat' dir='ltr'>tellusannua</span> <span class='ocrx_word' id='word_1_239' title='bbox 1728 3269 1785 3318; x_wconf 86' lang='lat' dir='ltr'>vice</span> <span class='ocrx_word' id='word_1_240' title='bbox 1800 3269 1870 3318; x_wconf 82' lang='lat' dir='ltr'>reiut</span> <span class='ocrx_word' id='word_1_241' title='bbox 1883 3274 1999 3319; x_wconf 87' lang='lat' dir='ltr'>aeterno</span> 
     </span>
     <span class='ocr_line' id='line_1_23' title="bbox 401 3347 1450 3415; baseline -0.001 -14"><span class='ocrx_word' id='word_1_242' title='bbox 401 3351 520 3413; x_wconf 85' lang='lat' dir='ltr'>quodum</span> <span class='ocrx_word' id='word_1_243' title='bbox 541 3351 687 3415; x_wconf 83' lang='lat' dir='ltr'>puerperio</span> <span class='ocrx_word' id='word_1_244' title='bbox 704 3350 774 3400; x_wconf 87' lang='lat' dir='ltr'>laetu</span> <span class='ocrx_word' id='word_1_245' title='bbox 793 3351 952 3401; x_wconf 85' lang='lat' dir='ltr'>mortalibus</span> <span class='ocrx_word' id='word_1_246' title='bbox 971 3351 1089 3400; x_wconf 84' lang='lat' dir='ltr'>distentu</span> <span class='ocrx_word' id='word_1_247' title='bbox 1109 3356 1197 3399; x_wconf 83' lang='lat' dir='ltr'>musto</span> <span class='ocrx_word' id='word_1_248' title='bbox 1217 3347 1336 3399; x_wconf 85' lang='lat' dir='ltr'>demittit</span> <span class='ocrx_word' id='word_1_249' title='bbox 1355 3347 1450 3400; x_wconf 88' lang='lat' dir='ltr'>ubera.</span> 
     </span>
    </p>

    <p class='ocr_par' dir='ltr' id='par_1_4' title="bbox 550 3433 1759 3500">
     <span class='ocr_line' id='line_1_24' title="bbox 550 3433 1759 3500; baseline 0.001 -16"><span class='ocrx_word' id='word_1_250' title='bbox 550 3433 569 3497; x_wconf 57' lang='grc' dir='ltr'>ἱ)</span> <span class='ocrx_word' id='word_1_251' title='bbox 589 3435 653 3484; x_wconf 86' lang='lat' dir='ltr'>Veri</span> <span class='ocrx_word' id='word_1_252' title='bbox 667 3435 835 3486; x_wconf 89' lang='lat' dir='ltr'>simillimum</span> <span class='ocrx_word' id='word_1_253' title='bbox 854 3440 896 3487; x_wconf 85' lang='lat' dir='ltr'>ost</span> <span class='ocrx_word' id='word_1_254' title='bbox 913 3435 1090 3486; x_wconf 87' lang='lat' dir='ltr'>Columellam</span> <span class='ocrx_word' id='word_1_255' title='bbox 1110 3448 1180 3500; x_wconf 87' lang='lat' dir='ltr'>opus</span> <span class='ocrx_word' id='word_1_256' title='bbox 1198 3447 1279 3482; x_wconf 82' lang='lat' dir='ltr'>suurn</span> <span class='ocrx_word' id='word_1_257' title='bbox 1298 3433 1448 3485; x_wconf 82' lang='lat' dir='ltr'>coniecisse</span> <span class='ocrx_word' id='word_1_258' title='bbox 1466 3436 1579 3486; x_wconf 86' lang='lat' dir='ltr'>circiter</span> <span class='ocrx_word' id='word_1_259' title='bbox 1596 3449 1698 3486; x_wconf 85' lang='lat' dir='ltr'>annum</span> <span class='ocrx_word' id='word_1_260' title='bbox 1718 3439 1759 3485; x_wconf 83' lang='lat'>65.</span> 
     </span>
    </p>

    <p class='ocr_par' dir='ltr' id='par_1_5' title="bbox 548 3516 754 3568">
     <span class='ocr_line' id='line_1_25' title="bbox 548 3516 754 3568; baseline 0 0"><span class='ocrx_word' id='word_1_261' title='bbox 548 3516 561 3554; x_wconf 78' lang='lat'><strong>⁸</strong></span> <span class='ocrx_word' id='word_1_262' title='bbox 589 3519 606 3568; x_wconf 93' lang='lat' dir='ltr'>l.</span> <span class='ocrx_word' id='word_1_263' title='bbox 626 3519 644 3568; x_wconf 91' lang='lat' dir='ltr'>l.</span> <span class='ocrx_word' id='word_1_264' title='bbox 686 3521 754 3568; x_wconf 77' lang='lat' dir='ltr'>.tl.</span> 
     </span>
    </p>

    <p class='ocr_par' dir='ltr' id='par_1_6' title="bbox 551 3521 1398 3667">
     <span class='ocr_line' id='line_1_26' title="bbox 551 3521 1398 3667; baseline 0 -14"><span class='ocrx_word' id='word_1_265' title='bbox 551 3521 569 3664; x_wconf 68' lang='grc'>4))</span> <span class='ocrx_word' id='word_1_266' title='bbox 590 3601 644 3654; x_wconf 84' lang='lat' dir='ltr'>Cir.</span> <span class='ocrx_word' id='word_1_267' title='bbox 665 3531 784 3667; x_wconf 50' lang='lat' dir='ltr'>Yprael.</span> <span class='ocrx_word' id='word_1_268' title='bbox 807 3607 837 3667; x_wconf 76' lang='lat' dir='ltr'>t;</span> <span class='ocrx_word' id='word_1_269' title='bbox 857 3605 897 3652; x_wconf 83' lang='lat' dir='ltr'>lt.</span> <span class='ocrx_word' id='word_1_270' title='bbox 934 3601 959 3652; x_wconf 84' lang='lat' dir='ltr'>X</span> <span class='ocrx_word' id='word_1_271' title='bbox 976 3601 1060 3667; x_wconf 85' lang='lat' dir='ltr'>prael.</span> <span class='ocrx_word' id='word_1_272' title='bbox 1081 3606 1104 3652; x_wconf 73' lang='lat' dir='ltr'>t.</span> <span class='ocrx_word' id='word_1_273' title='bbox 1144 3601 1190 3651; x_wconf 75' lang='lat' dir='ltr'>xil</span> <span class='ocrx_word' id='word_1_274' title='bbox 1211 3602 1296 3667; x_wconf 87' lang='lat' dir='ltr'>praei.</span> <span class='ocrx_word' id='word_1_275' title='bbox 1316 3607 1341 3654; x_wconf 84' lang='lat'>8.</span> <span class='ocrx_word' id='word_1_276' title='bbox 1363 3604 1398 3654; x_wconf 87' lang='lat' dir='ltr'>el.</span> 
     </span>
    </p>
   </div>
   <div class='ocr_carea' id='block_1_4' title="bbox 0 0 2354 5762">
    <p class='ocr_par' dir='ltr' id='par_1_7' title="bbox 0 0 2354 5762">
     <span class='ocr_line' id='line_1_27' title="bbox 0 0 2354 5762; baseline 0 1"><span class='ocrx_word' id='word_1_277' title='bbox 0 0 2354 5762; x_wconf 95' lang='lat' dir='ltr'> </span> 
     </span>
    </p>
   </div>
  </div>
 </body>
</html>
