4526 5726
998 509 1220 578 ,56-

303 701 363 783 ΙΧ,
388 699 418 783 5,
443 697 463 763 2
487 720 590 781 66666
614 701 810 783 dedignatur
821 699 929 785 (6616),
955 701 984 766 si
1015 701 1120 766 minus
1144 719 1223 784 pure
1247 703 1359 768 661116
1383 707 1452 768 661
1475 723 1514 768 66
1537 703 1567 768 61
1589 707 1800 770 tractetur
1823 704 1909 770 frau-

304 815 463 880 dulonter.
497 813 574 896 XII,
599 813 652 898 52,
678 813 719 878 22
743 814 772 879 61
796 814 854 880 611
877 813 1040 896 profluens
1065 833 1159 898 aqua,
1185 851 1226 860 -
1251 815 1280 880 si
1303 835 1364 881 nec
1386 816 1506 882 flumen
1530 819 1604 882 est
1633 815 1696 900 ΙΙΙ,
1723 815 1774 900 10,
1801 815 1841 882 17
1867 837 1908 884 ex

305 948 345 995 ea
369 933 472 994 matre
496 929 643 994 subolem
673 947 865 1012 propagare,
902 947 984 1010 6666
1019 928 1166 1012 geminos
1197 929 1295 996 enixa
1330 931 1403 1014 sit,
1436 935 1469 997 et
1491 931 1577 997 fetus
1617 950 1728 997 carum
1750 934 1909 1014 pecudum

307 1061 390 1124 quae
413 1042 587 1125 trigemino
610 1045 707 1124 partu
730 1043 1085 1110 commendantur.

464 1179 497 1257 9)
528 1182 743 1246 Personae
766 1180 890 1246 verbi
922 1183 963 1245 et
990 1200 1207 1248 numerus:
1243 1182 1287 1265 ΙΙ,
1312 1181 1343 1266 9,
1367 1181 1388 1248 2
1419 1203 1604 1250 mensuram
1635 1184 1744 1250 variat
1766 1187 1823 1250 aut
1845 1185 1909 1251 loci

303 1298 360 1359 aut
382 1294 538 1375 temporis
562 1291 719 1359 66166611
736 1292 901 1378 condici0;
926 1293 1000 1376 loci,
1024 1313 1096 1360 cum
1113 1295 1309 1364 frumentum
1326 1297 1455 1380 seritur,
1474 1297 1641 1382 temporis
1659 1299 1912 1364 6666666616

303 1407 446 1474 iacimus.
469 1407 515 1490 ΙΙ,
541 1406 592 1490 10,
621 1405 659 1473 16
684 1427 766 1489 6666
791 1409 918 1489 repleta
941 1427 1013 1473 oum
1036 1415 1177 1492 gypsata
1199 1414 1478 1493 6661666666666
1502 1413 1626 1479 inusus
1642 1414 1906 1496 prompserimus.

302 1524 328 1604 Ι,
353 1519 384 1606 6,
408 1519 449 1588 21
475 1526 645 1602 utrumque
669 1521 936 1605 (sterquilinium)
962 1522 1108 1604 6661166
1131 1524 1236 1590 66166
1259 1525 1389 1608 habeat,
1414 1545 1455 1591 ne
1478 1527 1649 1592 humorem
1671 1526 1908 1592 transmittant.

466 1633 520 1720 10)
555 1635 830 1718 Imperativus
866 1635 1112 1717 praesentis
1142 1641 1183 1702 61
1211 1637 1340 1703 futuri
1368 1643 1437 1704 aut
1471 1638 1751 1721 imperativus
1784 1643 1825 1705 61
1854 1639 1909 1706 16-

303 1755 453 1817 turum:
490 1749 531 1832 V,
556 1747 609 1832 10,
631 1751 651 1814 7
675 1753 754 1816 nota
777 1719 817 1796 ὲ
844 1751 1017 1816 66666616
1041 1785 1085 1795 -
1109 1753 1230 1817 curato.
1267 1751 1346 1834 XII,
1371 1749 1423 1835 33,
1450 1751 1467 1818 1
1497 1751 1625 1818 6611166
1648 1751 1749 1836 legito
1773 1771 1909 1834 eamque

304 1870 415 1931 secato
439 1865 642 1945 taleolasque
667 1865 839 1946 suspende.
877 1862 956 1946 XII,
982 1861 1035 1947 48,
1060 1862 1080 1929 4
1105 1867 1237 1931 contere
1262 1869 1296 1930 61
1319 1863 1429 1948 61666,
1457 1869 1525 1930 166
1549 1863 1669 1932 6616116
1693 1869 1728 1931 61
1750 1866 1909 1932 obturato.

306 1979 345 2060 V,
377 1976 427 2062 11,
452 1976 472 2044 3
498 1981 652 2044 exsecato
676 1977 833 2058 dabisque
858 1996 998 2059 operam.

466 2088 519 2178 11)
543 2091 742 2159 6611666
767 2095 806 2158 61
828 2091 1045 2174 passivum:
1082 2091 1122 2174 V,
1148 2089 1178 2176 9,
1203 2090 1223 2158 3
1248 2093 1411 2175 oportebit
1440 2093 1600 2159 talearum
1624 2094 1732 2176 666116
1770 2093 1909 2160 oblinire

304 2206 407 2272 61116
431 2243 472 2252 -
497 2205 692 2290 immergeri.
716 2206 777 2289 ΙΧ,
803 2203 855 2289 13,
880 2203 900 2272 7
924 2205 1100 2288 galbanum
1115 2205 1246 2271 incendi
1263 2206 1417 2274 convenit
1432 2224 1592 2289 passoque
1605 2207 1713 2274 fessas
1730 2207 1907 2274 sustinere.

303 2321 364 2404 XI,
389 2322 420 2403 3,
445 2317 465 2386 5
489 2320 616 2386 666166
638 2355 682 2365 -
705 2319 773 2403 legi
796 2322 925 2401 oportet
947 2323 982 2384 et
1006 2355 1046 2364 -
1070 2318 1264 2386 ImmIscere.

465 2431 520 2518 12)
544 2433 824 2500 Elunntiatum
848 2432 1096 2500 relativum
1120 2438 1160 2498 et
1183 2434 1493 2501 condicionale:
1518 2435 1563 2519 ΙΙ,
1593 2435 1645 2520 15,
1676 2433 1696 2501 2
1727 2454 1789 2503 666
1819 2435 1909 2520 igno·

304 2568 378 2614 rare
402 2548 534 2614 colonos
558 2551 697 2631 oportet,
721 2547 819 2614 sicuti
841 2547 1059 2630 refrigescere
1090 2567 1214 2631 agrum,
1254 2548 1395 2630 661666
1418 2553 1628 2634 stercoretur,
1663 2551 1711 2616 116
1732 2551 1853 2634 peruri,
1878 2550 1908 2616 si

303 2661 437 2728 nimium
461 2664 669 2727 stercoretur.

465 2771 519 2862 13)
543 2773 795 2842 infinitivus
819 2780 860 2842 61
883 2776 1140 2843 6666116166
1165 2777 1483 2844 condicionale:
1508 2777 1566 2861 VI,
1591 2773 1644 2860 30,
1669 2775 1687 2842 1
1713 2795 1811 2859 66666
1834 2777 1907 2858 6166

303 2891 448 2974 prodest,
473 2908 590 2972 pressa
612 2908 709 2955 manu
733 2889 903 2973 subegisse
927 2893 1023 2974 terga
1045 2909 1141 2972 quam
1165 2891 1194 2957 si
1216 2892 1403 2975 largissime
1428 2893 1517 2958 cibos
1543 2893 1714 2974 praebeas.

469 3003 522 3088 14)
547 3002 873 3070 Coniunctiones
893 3003 1015 3088 ,6661
1040 3009 1081 3071 61
1099 3005 1195 3088 ,nt“:
1221 3005 1278 3089 VI,
1305 3004 1358 3090 35,
1386 3005 1405 3073 1
1431 3007 1501 3073 6166
1524 3005 1681 3073 vesaniae
1705 3005 1800 3089 signa
1823 3007 1908 3087 sunt,

306 3138 378 3186 cum
403 3137 505 3200 66666
531 3122 736 3201 concursant,
761 3118 898 3184 subinde
922 3123 958 3184 ut
981 3119 1148 3200 requirere
1173 3157 1214 3166 -
1239 3119 1363 3201 aliquid
1385 3120 1569 3189 videantur.

466 3229 522 3316 15)
557 3231 791 3298 Genetivus
815 3233 1043 3314 qualitatis
1079 3236 1113 3300 61
1136 3234 1394 3301 6666116166
1418 3231 1740 3301 consecutivum:
1775 3231 1851 3316 VII,
1876 3233 1907 3314 9,

305 3347 326 3414 2
351 3345 485 3418 Scrofae
508 3347 689 3429 probantur
712 3364 787 3412 sues
811 3346 996 3430 longissimi
1019 3351 1125 3414 status
1150 3352 1184 3414 61
1206 3352 1242 3414 61
1259 3349 1326 3416 6161
1345 3387 1382 3395 —-
1404 3348 1529 3415 similes
1552 3347 1726 3428 descriptis
1743 3347 1907 3412 6661566.

468 3457 519 3548 16)
552 3460 787 3528 Genetivns
816 3462 1009 3544 gerundii
1040 3467 1074 3527 et
1095 3461 1367 3530 infinitivus:
1414 3463 1475 3546 XI,
1504 3465 1531 3546 l,
1556 3460 1596 3528 11
1623 3479 1705 3542 6666
1728 3460 1907 3543 probabilis

305 3595 406 3642 causa
429 3579 481 3642 est
504 3575 750 3641 obmutescendi
773 3575 887 3642 66116
910 3577 1093 3642 socordiam
1116 3573 1293 3658 compelli?

467 3687 522 3774 17)
561 3687 833 3757 Adiectivum
872 3694 911 3755 et
949 3689 1213 3756 enuntiatum
1248 3690 1470 3758 relativum
1509 3694 1551 3757 61
1573 3690 1909 3756 consecutivum:

304 3804 380 3888 VII,
405 3801 436 3888 6,
461 3803 481 3870 9
513 3804 671 3888 magister
693 3803 820 3886 pecoris
845 3803 956 3870 alacer
979 3808 1076 3885 atque
1100 3807 1208 3871 audax
1231 3823 1305 3871 esse
1329 3805 1437 3888 debet,
1470 3805 1581 3886 61661
1603 3823 1662 3888 per
1685 3822 1783 3886 rupes
1806 3803 1905 3869 facile

305 3921 408 3985 vadat
428 3921 462 3985 et
484 3936 550 3984 non
573 3922 739 4002 sequatur,
764 3920 824 3984 sed
846 3919 1035 4001 plemmque
1060 3923 1095 3984 61
1118 3922 1293 3986 antecedat
1315 3937 1458 4002 gregem.

466 4031 522 4115 18)
553 4032 815 4100 6616611666
839 4036 881 4098 61
903 4033 1165 4099 adverbium:
1197 4033 1274 4117 VII,
1298 4031 1329 4117 4,
1354 4031 1374 4098 5
1398 4052 1459 4098 uec
1481 4036 1591 4098 tamen
1615 4031 1783 4097 6661666
1807 4033 1902 4096 sedu-

304 4150 371 4215 lam
395 4167 506 4214 curam
529 4147 619 4231 foris,
645 4149 704 4214 sed
728 4147 883 4213 maiorem
907 4146 1120 4212 domesticam
1142 4147 1295 4229 postulat.
1334 4147 1409 4231 VII,
1434 4145 1464 4230 5,
1489 4145 1509 4212 4
1533 4165 1610 4211 nam
1633 4143 1740 4229 (grex)
1763 4145 1905 4228 partion-

305 4262 398 4330 latim
421 4261 552 4328 tacilius
577 4280 672 4343 6666
696 4261 869 4329 universus
893 4261 1103 4327 convalescit

468 4374 523 4460 19)
558 4375 814 4444 6616611666
850 4378 886 4442 61
919 4375 1174 4442 6666116166
1208 4375 1426 4444 relativum
1466 4377 1501 4442 et
1535 4375 1751 4442 ablativus
1787 4377 1908 4454 atque

306 4489 531 4576 genetivus
566 4479 802 4571 666111611εέ
849 4489 925 4572 VII,
951 4487 1025 4572 9,1
1057 4507 1172 4556 verres
1196 4491 1354 4574 probandi
1381 4489 1581 4558 6661161166
1606 4489 1734 4570 661666
1759 4487 1904 4570 corporis

306 4605 519 4689 amplitudine
555 4605 684 4690 eximii,
718 4607 776 4672 666
808 4604 862 4686 661
886 4603 1036 4687 quadrati
1066 4605 1172 4687 potius
1197 4609 1253 4672 aut
1275 4606 1405 4672 rotundi
1432 4625 1530 4688 quam
1553 4603 1643 4687 longi
1666 4607 1756 4686 sunt,
1793 4605 1908 4670 ventre

306 4719 467 4806 promIsso
495 4757 535 4766 -
560 4719 689 4802 amplae
714 4723 750 4788 et
772 4721 988 4805 glandulosae
1011 4717 1161 4793 cervicis.
1673 4818 1692 4877 7

1695 4823 1709 4854 ι
