4526 5726
982 524 1201 588 ..61-

294 711 448 778 adhibitis
473 712 609 794 pumicis
634 717 667 776 et
690 711 862 777 rhetoricis
887 712 1012 777 artibus
1037 711 1216 778 oraticnem
1241 713 1421 778 exornavit.
1450 715 1518 779 Huc
1539 715 1636 797 cadit,
1662 717 1745 796 quud
1774 717 1896 798 saepis-

294 826 374 891 sime
415 845 493 892 usus
531 831 584 891 cst
620 826 732 908 figuris
774 825 1108 908 repetitioniS,¹)
1147 825 1512 912 interrogationis,
1553 829 1897 914 allitteratiunia

294 940 443 1024 litotis,
468 940 785 1020 translationis,
810 937 1217 1022 personificationis.

1053 1091 1147 1176 §72

861 1204 920 1276 De
948 1205 1332 1293 interrogatione.

454 1327 567 1392 Multis
605 1328 697 1410 lucis,
737 1328 848 1408 utique
887 1327 921 1393 in
960 1327 1227 1411 praefationibus,
1268 1327 1458 1413 Columella,
1495 1334 1531 1396 ut
1554 1331 1734 1398 orationem
1759 1333 1896 1399 alacrio-

294 1459 362 1504 rem
397 1447 431 1505 et
453 1441 625 1506 laetiorem
649 1442 804 1523 efficeret,
844 1441 1111 1524 interrogationis
1139 1442 1244 1524 figura
1271 1462 1349 1509 usus
1384 1447 1443 1510 cst.
1490 1445 1578 1511 Satis
1610 1445 1673 1511 erit
1699 1465 1804 1527 pauca
1826 1466 1899 1532 pro·

295 1573 415 1635 ponere
440 1556 605 1638 exempla:
635 1553 650 1620 1
677 1555 778 1636 praet.
804 1555 824 1620 8
848 1575 891 1620 an
913 1557 1036 1622 bellum
1061 1556 1197 1638 peresio,
1223 1559 1323 1624 maris
1348 1563 1382 1624 et
1400 1559 1632 1642 negotiationis
1657 1561 1732 1625 alea
1748 1560 1898 1644 sitopta·

296 1668 394 1733 bilior
413 1676 476 1734 -i
499 1689 541 1735 an
564 1669 725 1735 feneratio
750 1670 951 1752 probabilior
975 1669 1028 1753 sit,
1054 1669 1154 1736 etiarn
1177 1671 1229 1736 his
1253 1671 1371 1756 invisa,
1396 1673 1512 1754 quibus
1537 1691 1727 1740 succurrere
1744 1674 1899 1740 videtur?

300 1783 342 1850 cf.
367 1780 384 1847 1
411 1782 515 1864 praef.
541 1780 570 1848 9.
619 1780 636 1847 1
663 1783 763 1866 praef.
788 1781 830 1848 27
856 1784 927 1865 quis
952 1784 1036 1849 tanti
1060 1785 1161 1850 studii
1184 1786 1255 1868 fuit,
1280 1791 1378 1852 ut-
1405 1791 1541 1854 nosset?
1564 1789 1591 1871 Ι,
1616 1787 1646 1870 3,
1671 1787 1691 1854 5
1716 1787 1787 1869 quis
1812 1787 1899 1854 enim

297 1897 433 1980 dubitet,
459 1917 529 1962 eam
555 1897 694 1963 maxime
720 1899 889 1980 probatam
913 1899 1037 1982 haberi,
1064 1898 1135 1964 sine
1159 1918 1223 1980 qua
1245 1919 1340 1966 nemo
1365 1939 1391 1946 -
1429 1902 1532 1969 vitam
1556 1905 1733 1984 prorogat?
1758 1901 1820 1985 ΙΙΙ,
1846 1899 1898 1986 10,

299 2009 318 2076 6
344 2012 416 2092 quis
440 2012 526 2077 euim
551 2012 680 2077 omnino
707 2050 746 2056 —
771 2013 940 2094 praecepit
963 2033 1012 2096 ea,
1037 2033 1119 2094 quae
1143 2013 1340 2095 pauloante
1370 2015 1564 2082 retulimus?
1610 2015 1712 2081 Immo
1737 2015 1808 2098 quis
1833 2035 1898 2081 non

298 2125 629 2207 imprudentissimum
654 2145 813 2208 quemque
832 2167 871 2174 —
897 2128 971 2193 huic
995 2128 1126 2209 urrgctio
1151 2129 1306 2211 delegat?
1330 2131 1405 2213 Vll,
1434 2129 1483 2214 12,
1511 2130 1526 2194 1
1553 2130 1643 2195 canis
1667 2131 1752 2196 falso
1777 2129 1897 2196 dicitur

298 2244 404 2306 mutus
429 2245 548 2306 custus.
572 2260 646 2305 nam
671 2241 742 2321 quis
766 2242 932 2307 huminum
956 2243 1076 2308 clarius
1100 2246 1157 2309 aut
1179 2247 1272 2308 tanta
1288 2244 1524 2310 vociteratione
1548 2243 1688 2310 bestiam
1712 2245 1768 2312 vel
1791 2244 1895 2311 furem

297 2355 465 2436 praedicat
496 2373 591 2434 quam
626 2355 689 2420 iste
713 2356 860 2421 latratu?
895 2357 966 2437 quis
991 2355 1131 2422 famulus
1156 2358 1317 2424 amantior
1340 2359 1486 2424 domini?
1521 2358 1592 2439 quis
1615 2359 1745 2424 fidelior
1768 2363 1898 2424 comes?

298 2467 369 2548 quis
394 2471 504 2533 custus
530 2469 771 2552 incorruptior?
810 2470 881 2551 quis
907 2471 1077 2536 excubitor
1100 2470 1241 2537 inveniri
1277 2477 1385 2554 potest
1414 2473 1627 2556 vigilantior?
1662 2472 1734 2554 quis
1759 2472 1898 2554 denique

299 2583 387 2647 ultor
409 2587 466 2648 ant
489 2582 611 2649 vindex
635 2585 861 2650 constantior?
885 2582 994 2667 XLI,
1014 2583 1054 2649 12
1079 2585 1150 2666 quis
1175 2605 1263 2670 erge,
1288 2587 1405 2670 inquis
1430 2587 1561 2654 docebit
1584 2588 1726 2654 futurum
1742 2587 1899 2670 villicum,

298 2697 326 2762 si
349 2697 457 2762 nullus
483 2697 650 2778 professor
673 2701 751 2764 est?

1091 2819 1144 2888 73.

866 2938 928 3008 De
960 2821 1324 3016 alli3terctiouc.

454 3057 721 3142 Allitteratiunis,
746 3078 830 3141 quae
854 3059 983 3145 dicitur,
1014 3063 1164 3128 usumin
1188 3065 1296 3146 prisca
1318 3065 1537 3132 Romanorum
1560 3067 1652 3148 poesi
1675 3064 1901 3147 frequentissi-

295 3191 379 3237 mum
404 3173 505 3238 fuisse
530 3177 673 3258 constat;
688 3170 712 3260 ²)
736 3177 795 3239 sed
820 3193 860 3240 ne
884 3195 1001 3256 prusae
1026 3176 1155 3257 quidem
1181 3179 1321 3245 orationi
1338 3181 1422 3246 hunc
1439 3181 1599 3247 sermonis
1617 3186 1766 3247 ornatum
1782 3183 1900 3246 deesse

294 3286 504 3353 Woelfflinus
518 3289 542 3372 3)
575 3288 657 3354 satis
682 3288 825 3354 dilucide
849 3291 1003 3355 ostendit.
1050 3295 1095 3356 At
1121 3293 1178 3360 vix
1212 3295 1298 3359 ullus
1330 3295 1486 3377 scriptor,
1527 3295 1582 3376 qui
1618 3314 1717 3377 prusa
1752 3295 1900 3362 oratione

296 3401 397 3466 libros
423 3401 584 3485 confecit,
619 3402 704 3468 hanc
726 3403 863 3486 figuram
887 3406 969 3469 adeo
993 3405 1029 3470 in
1052 3407 1180 3472 deliciis
1204 3408 1318 3474 habuit
1340 3427 1436 3490 quarn
1460 3410 1660 3494 Columella,
1696 3411 1782 3492 apud
1806 3427 1901 3491 quern

294 3516 438 3598 plurima
460 3515 692 3582 alliterationis
717 3518 868 3600 exempla
890 3523 1031 3602 exstant,
1056 3538 1139 3600 quae
1163 3541 1403 3604 nonnumquam
1427 3526 1468 3590 de
1491 3525 1655 3591 industria
1678 3523 1829 3605 quaesita
1852 3521 1900 3588 vi·

295 3631 422 3697 dentur.
460 3633 537 3698 Jarn
553 3630 760 3696 Woelfflinus
784 3633 866 3697 haee
889 3633 1018 3698 attulit:
1042 3635 1153 3700 alacer
1175 3640 1273 3718 atque
1297 3641 1404 3704 audax
1429 3641 1504 3724 VII,
1529 3637 1560 3724 6,
1585 3638 1615 3706 9.
1640 3639 1674 3705 in
1698 3639 1782 3704 colle
1806 3655 1902 3718 quam

295 3745 328 3809 in
351 3763 464 3826 campo
488 3745 550 3828 ΠΙ,
576 3741 606 3827 2,
631 3741 683 3809 24.
707 3749 775 3810 tam
797 3745 879 3810 felix
902 3747 1024 3827 campis
1049 3766 1145 3827 quam
1157 3751 1295 3816 collibus
1309 3752 1371 3834 ΙΠ,
1393 3754 1420 3836 l,
1438 3750 1467 3818 3.
1485 3753 1590 3819 latere
1607 3771 1646 3818 ac
1662 3753 1730 3817 luto
1747 3751 1809 3833 IX,
1828 3753 1855 3834 1,
1873 3747 1903 3816 2.

294 3858 429 3924 limosus
453 3859 644 3939 lutosasque
668 3857 712 3940 ΙΙ,
729 3859 759 3940 4,
778 3855 807 3923 6.
832 3860 924 3924 lusus
938 3879 977 3925 ac
992 3861 1132 3930 lascivia
1155 3865 1230 3948 VH,
1253 3865 1372 3950 12,12.
1398 3867 1547 3934 luxuriae
1564 3871 1598 3933 et
1615 3866 1743 3933 deliciis
1764 3869 1778 3930 1
1798 3864 1902 3947 prael.

299 3973 347 4038 14.
371 3973 544 4038 mediocris
569 3977 604 4037 et
626 3974 752 4038 modice
776 3973 881 4039 siccus
905 3975 967 4057 ΠΙ,
985 3973 1015 4057 5,
1035 3972 1065 4040 3.
1090 3981 1273 4057 posthanc
1296 3985 1363 4046 tam
1387 3981 1561 4046 multorum
1584 3985 1715 4062 tamque
1740 3979 1899 4061 multipli-

296 4086 379 4152 cium
403 4105 512 4153 rerum
534 4087 812 4168 praedicationem
837 4084 855 4151 1
881 4086 983 4168 praef.
1009 4087 1061 4153 28.
1086 4088 1255 4155 ordinatus
1280 4092 1314 4153 et
1348 4091 1481 4154 ornatus
1518 4089 1596 4172 XH,
1629 4091 1660 4172 3,
1686 4092 1715 4159 9.
1747 4097 1843 4176 prata
1869 4098 1904 4160 et

295 4219 420 4281 pascua
442 4200 504 4282 ΙΙΙ,
530 4198 560 4282 3,
586 4197 617 4264 3.
653 4218 770 4265 sereno
795 4199 945 4280 siccoque
969 4201 1047 4284 ΧΠ,
1074 4199 1125 4284 19,
1149 4203 1192 4286 33
1222 4201 1267 4284 ΙΙ,
1293 4204 1323 4286 2,
1348 4200 1378 4268 8.
1407 4221 1466 4268 sex
1490 4204 1545 4271 rel
1569 4209 1696 4286 septem
1719 4207 1764 4290 ΙΙ,
1790 4206 1843 4292 12,
1867 4211 1901 4275 3.

295 4333 377 4379 vasa
399 4317 434 4378 et
455 4317 584 4380 vestem
606 4311 685 4395 ΧΗ,
710 4310 741 4396 2,
766 4315 794 4378 2.
830 4317 896 4378 tam
920 4314 1033 4380 variae
1057 4319 1187 4396 tamque
1210 4321 1327 4382 vastae
1351 4317 1510 4384 scientiae
1536 4318 1554 4385 1
1579 4321 1681 4402 praef.
1708 4320 1761 4388 28.

447 4501 464 4564 ¹)
488 4503 522 4552 Dc
543 4505 592 4552 hnc
612 4505 695 4564 ligura
716 4505 768 4554 iam
787 4519 870 4568 supra
890 4505 1075 4555 disseruimus
1096 4520 1139 4569 pg.
1162 4511 1202 4556 5⁶.

446 4587 465 4647 ²,
487 4587 540 4638 Cir.
562 4589 725 4649 Lachmann,
746 4592 772 4638 in
793 4591 1005 4655 encyclopaedia
1024 4590 1059 4640 ab
1085 4591 1198 4640 Erschio
1217 4595 1243 4640 ct
1261 4591 1372 4642 Gubero
1392 4593 1474 4642 edita.
1495 4608 1518 4644 s.
1539 4609 1562 4643 v.
1587 4597 1776 4648 illitteratiun.

446 4670 466 4734 ⁸)
489 4673 516 4722 Ε.
540 4671 676 4723 Wbllllin:
709 4673 795 4723 Ueber
815 4673 860 4723 die
879 4674 1115 4725 cllittcricrcnden
1137 4673 1349 4738 Verbindungen
1369 4676 1482 4728 declat.
1504 4677 1624 4742 Spracbc
1643 4680 1692 4734 in:
1722 4678 1904 4744 Sitzungsbe·

298 4756 385 4806 ricbtc
404 4757 455 4808 der
477 4757 627 4808 Akademie
646 4758 695 4809 dcr
714 4756 947 4810 wissenschaften
966 4771 999 4809 zu
1019 4756 1153 4810 lldnclren
1172 4757 1206 4810 ll.
1230 4761 1304 4810 ⁴88⁴.
