4700 5762
957 451 1176 520 ...23-

959 640 1066 730 caput
1090 639 1168 711 Vlll.

794 820 866 932 De
903 822 1365 968 praepositionibus

1023 1033 1118 1115 1168.

538 1159 898 1241 Ρο000001110000,
936 1178 1039 1239 quae
1070 1158 1346 1224 accusativum
1376 1155 1598 1237 recipiunt.

430 1272 677 1354 Praepositione
704 1273 790 1356 ,ad“
818 1273 998 1338 Columella
1021 1273 1107 1338 baud
1130 1291 1204 1337 raro
1227 1272 1330 1337 utitur
1342 1290 1400 1353 pro
1424 1289 1578 1354 ,usquc
1602 1267 1684 1334 ad“:
1712 1270 1769 1352 VI,
1795 1269 1825 1353 4,
1847 1268 1867 1334 4

266 1405 398 1451 amurca
414 1389 509 1450 datur
525 1388 565 1450 ad
583 1386 779 1452 satietatem.
798 1386 855 1468 VI,
877 1387 926 1468 12,
941 1384 960 1449 3
974 1386 1090 1468 unguis
1103 1388 1144 1451 ad
1158 1386 1268 1452 vivum
1280 1389 1455 1451 resecatur.
1481 1383 1572 1465 VIII,
1591 1383 1621 1465 5,
1637 1385 1657 1446 2
1675 1386 1808 1449 ordeum
1823 1386 1866 1448 ad

267 1500 453 1566 satietatem
469 1502 653 1582 praebetur.
679 1500 718 1564 ct'.
745 1500 836 1581 VIII,
851 1499 902 1582 11,
920 1500 935 1564 1
952 1499 982 1565 5.
1001 1537 1038 1546 —
1051 1500 1111 1582 lX,
1140 1501 1188 1582 15,
1214 1498 1234 1564 4
1258 1501 1300 1563 ad
1324 1497 1523 1564 occidionem
1544 1515 1627 1578 gens
1651 1497 1869 1563 interimenda

268 1619 328 1679 001.
353 1613 448 1696 XIII,
461 1613 492 1696 4,
510 1612 530 1678 5
547 1614 671 1678 sulcum
689 1632 759 1678 cum
777 1617 959 1678 stercorata
975 1617 1065 1678 terra
1079 1615 1121 1679 ad
1138 1613 1278 1679 medium
1296 1613 1420 1694 comple
1436 1610 1716 1676 10,-11000000
1734 1611 1869 1694 indigna

266 1745 307 1792 nc
324 1726 406 1792 haec
433 1726 561 1806 quidem
580 1727 683 1791 verba
710 1729 799 1791 sunt:
825 1726 882 1808 VI,
908 1727 937 1808 2,
962 1723 982 1790 6
1007 1745 1050 1791 00
1075 1730 1117 1792 ad
1140 1726 1299 1793 eiusmodi
1321 1731 1443 1792 tactum
1467 1730 1653 1808 pavescant.
1678 1723 1866 1807 (Sallustius

267 1841 445 1906 ablativum
466 1839 611 1924 (causae)
632 1835 791 1924 adhibet).
813 1876 855 1883 -
878 1839 934 1920 VI,
961 1836 1012 1921 13,
1040 1842 1054 1903 1
1082 1843 1124 1905 ad
1148 1841 1290 1907 scabiem
1313 1840 1518 1923 praesentior
1541 1840 1608 1905 alia
1628 1839 1790 1904 medicina
1813 1843 1865 1904 est

267 1954 301 2036 (i.
319 1973 349 2018 0.
364 1959 400 2018 01
416 1958 610 2020 extenuetur
623 1953 772 2034 scabies).
797 1951 919 2018 Similis
943 1952 1089 2019 brevitas
1114 1953 1313 2018 Columellas
1326 1953 1463 2036 placuit:
1489 1953 1567 2036 XII,
1585 1955 1638 2035 33,
1659 1956 1673 2017 1
1693 1953 1803 2019 vinnm
1827 1955 1869 2017 ad

266 2073 412 2135 veterem
435 2067 551 2132 tussim
575 2073 608 2132 et
632 2069 674 2131 ad
696 2067 896 2132 stomachum
920 2065 1060 2131 condire.
1086 2105 1126 2112 —
1148 2065 1327 2149 ,Facere
1351 2067 1418 2131 ad¹‘
1445 2071 1613 2148 poetarum
1635 2085 1723 2132 more
1747 2066 1866 2131 dicitnr

266 2201 323 2263 pro
348 2202 396 2264 00,
421 2183 505 2262 qnod
529 2185 581 2246 est
606 2181 769 2264 ,valere“,
797 2180 896 2263 ,utile
920 2179 1033 2245 esse“:
1058 2180 1116 2264 IV,
1142 2177 1194 2262 26,
1222 2184 1236 2245 1
1263 2185 1353 2246 recte
1377 2181 1475 2246 etiam
1494 2180 1619 2246 faciunt
1646 2183 1688 2246 ad
1711 2199 1784 2246 eam
1795 2199 1864 2247 rem

267 2297 439 2363 silvestres
462 2295 557 2376 pinus
582 2298 678 2376 atque
703 2294 800 2359 etiam
825 2293 978 2359 sambuci.
1012 2293 1114 2376 (Suet.
1141 2295 1254 2360 Claud.
1292 2293 1342 2359 16.
1378 2295 1462 2359 Ρ110.
1486 2295 1571 2360 nh.
1597 2295 1742 2376 22111,
1768 2290 1864 2376 13,2

268 2409 389 2492 legitur
415 2408 543 2491 ,lacere
567 2407 632 2473 in“.
660 2408 781 2490 ,Ante
804 2399 964 2472 ¹annum“
990 2427 1048 2490 pro
1075 2427 1178 2492 ,anno
1209 2408 1305 2474 ante“
1331 2408 1506 2490 reperitur:
1534 2408 1630 2492 XIII,
1667 2405 1715 2488 16,
1746 2405 1867 2473 20010

266 2543 384 2589 annum
409 2541 503 2603 qnam
527 2523 691 2603 deponant
714 2523 858 2601 arbores,
883 2523 1014 2586 scrobes
1039 2521 1170 2587 iaciant.
1201 2522 1298 2604 XIII,
1323 2520 1354 2604 4,
1378 2519 1398 2586 3
1430 2521 1585 2604 optimum
1621 2521 1684 2588 erit
1712 2525 1788 2587 ante
1812 2541 1867 2587 an·

265 2658 341 2706 num
365 2638 497 2702 scrobes
522 2635 639 2700 Iacere.
664 2636 703 2700 01.
727 2635 867 2720 1111,
890 2635 930 2718 V,
945 2634 975 2717 5,
989 2633 1017 2700 2.
1045 2635 1307 2718 ,4010110001
1334 2655 1391 2718 pro
1413 2640 1548 2720 antea,
1570 2638 1655 2716 qnod
1679 2639 1730 2701 est
1753 2655 1868 2718 argen-

266 2756 340 2816 teae
376 2749 494 2815 aetatis
530 2750 704 2832 proprium,
737 2750 902 2816 invenitur
932 2749 990 2831 IV,
1022 2746 1075 2829 29,
1108 2751 1155 2814 10.
1205 2750 1361 2830 ,Otrca“
1393 2752 1441 2814 de
1470 2758 1648 2832 tempore
1678 2755 1867 2831 usurpatum

265 2866 300 2930 in
322 2884 419 2946 prosa
451 2862 597 2928 oratioue
621 2861 698 2927 inde
721 2883 741 2926 a
763 2863 858 2928 Livio
883 2867 992 2928 exstat
1015 2863 1163 2944 exeunplo
1187 2868 1364 2942 politanum.
1381 2860 1403 2944 ¹)
1439 2864 1534 2944 Apud
1559 2863 1772 2928 Columellam
1795 2881 1867 2945 per-

266 2998 365 3059 saepe
388 2978 436 3042 ita
459 2975 603 3057 ponitur:
628 2974 673 3056 ΙΙ,
697 2974 728 3057 4,
753 2973 773 3038 4
798 2974 885 3040 circa
908 2976 1083 3042 solstitium
1109 3013 1143 3020 —
1176 2977 1263 3042 circa
1286 2977 1486 3058 Septembris
1512 2977 1683 3042 Calendas.
1707 2976 1752 3058 ΙΙ,
1777 2973 1808 3060 4,
1828 2975 1865 3061 9,

269 3090 312 3172 ΙΙ,
349 3090 401 3173 10,
425 3087 486 3173 20,
524 3089 564 3171 V,
589 3090 620 3171 6,
645 3087 705 3172 19,
742 3090 781 3171 V,
808 3087 914 3175 11,2,
949 3090 1008 3173 VI,
1032 3088 1085 3173 24,
1109 3091 1147 3174 3,
1180 3088 1392 3175 vm,3,11;
1428 3089 1637 3174 v111,5,1;
1667 3090 1728 3175 ΙΧ,
1756 3089 1806 3172 14,
1832 3088 1867 3181 1,

267 3205 328 3287 XI,
353 3206 383 3286 2,
409 3201 464 3288 11,
489 3202 567 3286 XII,
592 3205 645 3286 52,
670 3200 727 3288 17,
752 3203 848 3287 XIII,
875 3202 928 3288 20,
954 3202 985 3270 3.

430 3315 581 3400 ,Citra“
602 3316 819 3383 aColumella
835 3323 891 3384 aut
914 3321 959 3384 de
984 3323 1162 3400 tempore
1186 3323 1360 3400 usurpatur
1383 3318 1452 3400 (qui
1463 3337 1542 3384 usus
1559 3320 1644 3401 apud
1668 3318 1750 3384 alios
1767 3318 1867 3400 scrip-

269 3437 358 3498 tores
382 3431 550 3497 rarissimc
585 3434 619 3496 ct
642 3433 769 3497 domuin
793 3432 869 3498 inde
904 3435 945 3498 ab
982 3433 1099 3499 Ovidio
1135 3434 1312 3499 invenitur:
1338 3436 1363 3514 ²)
1401 3433 1446 3516 ΙΙ,
1471 3431 1546 3516 8,3
1583 3433 1666 3498 citra
1705 3433 1866 3498 Calendas

268 3547 419 3612 Octobris
436 3545 613 3629 seminare,
638 3549 695 3611 aut
709 3547 828 3612 dicitur
843 3548 884 3612 de
902 3565 950 3630 eo,
967 3550 1073 3628 ‹puod
1089 3547 1213 3612 finem
1234 3567 1310 3612 non
1325 3551 1365 3613 at
1376 3547 1489 3630 tigit:
1512 3548 1587 3626 VII,
1601 3545 1631 3632 6,
1645 3549 1665 3612 5
1681 3567 1742 3614 000
1757 3553 1868 3613 tamen

270 3679 310 3725 ea
333 3661 404 3726 sola
428 3663 541 3725 creant
564 3660 707 3742 abortus,
732 3662 791 3726 sed
815 3661 914 3726 etiam
937 3662 1042 3744 glans,
1068 3679 1140 3727 cum
1164 3662 1248 3726 citra
1272 3662 1460 3727 satietatem
1476 3663 1554 3727 data
1578 3665 1636 3727 est.
1664 3661 1702 3727 01.
1725 3661 1786 3745 IX,
1812 3658 1864 3743 13,

268 3775 288 3838 2
312 3772 385 3856 (Ov.
409 3773 493 3839 0010.
517 3773 600 3838 Ρ110.
624 3772 743 3858 8001),
768 3777 825 3839 001
839 3774 1232 3856 pertranslationem
1257 3775 1418 3842 eademvi
1442 3775 1694 3856 adhibeturque
1718 3775 1866 3859 „siue“:

267 3888 293 3971 I,
319 3886 349 3970 1,
374 3885 394 3952 2
418 3887 570 3954 voluntas
595 3886 798 3968 facultasque
823 3889 906 3953 citra
930 3889 1102 3954 scientiam
1124 3927 1164 3936 -
1189 3888 1328 3954 afferunt
1344 3889 1512 3956 iacturam.
1543 3888 1588 3966 II,
1612 3886 1663 3972 10,
1689 3886 1730 3954 16
1754 3894 1865 3972 potest

268 4001 366 4066 etiam
390 4002 473 4067 citra
496 4001 594 4066 istam
619 4001 868 4066 medicationem
892 4003 1035 4088 servari,
1067 4003 1129 4086 III,
1156 4000 1207 4085 10,
1235 4005 1291 4087 16,
1316 4004 1374 4086 VI,
1413 4005 1443 4087 2,
1468 4002 1528 4088 11,
1566 4003 1623 4086 VI,
1649 4004 1679 4086 2,
1704 4001 1765 4089 14,
1790 4003 1865 4086 VII,

268 4113 299 4196 3,
326 4113 381 4200 16,
405 4117 467 4200 XI,
492 4115 522 4199 3,
547 4115 604 4200 55,
630 4116 685 4181 VI.
710 4112 763 4198 37,
789 4116 923 4182 letiam
948 4118 1033 4182 citra
1049 4117 1217 4199 praedicta
1240 4118 1334 4200 signa
1358 4117 1535 4183 dissimiles
1560 4118 1610 4184 sni
1635 4119 1738 4183 mulas
1762 4118 1863 4201 fingit.

268 4228 340 4294 Uno
374 4231 444 4294 loco
479 4229 629 4313 ,citra“
658 4232 793 4294 eandem
818 4230 1087 4313 significationem
1110 4232 1211 4296 babet
1234 4251 1328 4312 quam
1355 4230 1574 4314 ,praeter“:
1598 4231 1642 4313 II,
1667 4229 1760 4314 2,10
1785 4231 1868 4296 citra

267 4343 328 4408 boc
352 4342 607 4424 experimentum
631 4345 733 4408 multa
757 4348 841 4428 sunt,
867 4363 949 4424 quae
975 4382 1014 4391 -
1040 4343 1232 4428 significent.

418 4586 435 4649 ¹)
457 4587 509 4636 Clr.
532 4588 617 4638 lland.
638 4589 716 4638 1000.
742 4589 763 4637 ll
783 4603 826 4653 pg.
847 4592 887 4640 ct.

416 4671 435 4736 ²)
456 4672 510 4722 Cir.
533 4673 650 4734 lidbncr,
679 4675 732 4724 lat..
753 4675 874 4727 Graium.
897 4677 916 4724 ll
935 4687 978 4738 pg.
1000 4678 1060 4726 397.
